2170 3488
13 1063 25 1076 .
72 1020 87 1038 ³
148 1012 251 1056 tur.

145 265 253 304 A.D.
274 265 362 317 32.]
933 264 1180 305 ANNALS.
1897 263 1977 306 363

145 409 311 469 atque
350 400 560 468 flagitia
597 417 697 452 sua
735 400 841 468 ipsi
880 417 1097 468 quoque
1135 401 1192 451 in
1233 399 1562 467 supplicium
1595 407 1889 452 verterant.

148 487 347 554 Neque
384 487 590 538 frustra
627 487 1137 554 praestantissimus
1177 485 1480 554 sapientiae
1518 486 1735 538 firmare
1774 485 1896 537 soli-

146 579 238 623 tus
271 580 371 634 est,
401 573 448 624 si
480 573 834 624 recludantur
858 581 1218 642 tyrannorum
1258 580 1492 634 menteS,
1522 588 1686 639 posse
1723 571 1896 639 aspici

147 658 385 710 laniatus
437 666 493 711 et
544 659 703 721 ictus,
757 660 977 727 quando
1029 667 1090 711 ut
1151 676 1379 726 corpora
1427 659 1766 720 verberibuS,
1819 658 1898 710 ita

149 745 379 797 saevitia
434 745 663 796 libidine
720 745 877 797 malis
942 746 1210 797 consultis
1273 746 1489 797 animus
1550 744 1893 797 dilaceretur.

79 842 83 844 ’
151 831 373 900 Quippe
398 831 686 883 Tiberium
713 848 824 882 non
862 831 1100 894 fortuna,
1131 832 1243 882 non
1283 831 1609 883 solitudines
1648 839 1897 899 protege·
1935 855 1959 891 3

149 919 282 969 bant
309 917 440 986 quin
467 925 747 969 tormenta
772 918 1013 984 pectoris
1040 935 1278 985 suasque
1304 918 1423 985 ipse
1454 934 1661 984 poenas
1698 917 1896 969 fatere-

349 1004 495 1055 Tum
544 1003 696 1055 facta
744 1004 995 1071 patribus
1045 1011 1326 1071 potestate
1378 1003 1660 1055 statuendi
1710 1004 1779 1055 de
1832 1003 1891 1055 C.
1936 1009 1960 1055 2

151 1089 466 1142 Caeciliano
530 1097 800 1152 senatore,
867 1090 960 1158 qui
1022 1090 1257 1158 plurima
1318 1091 1609 1142 adversum
1674 1087 1898 1146 Cottam

148 1183 510 1244 prompserat,
539 1176 802 1244 placitum
831 1177 1063 1228 eandem
1102 1193 1336 1244 poenam
1372 1176 1599 1244 irrogari
1638 1193 1802 1245 quam
1841 1176 1898 1227 in

149 1262 450 1314 Aruseium
484 1270 540 1314 et
575 1263 955 1330 Sanquinium,
985 1271 1335 1315 accusatores
1366 1264 1426 1315 L.
1460 1262 1750 1315 Arruntii:
1790 1279 1898 1331 quo

149 1366 260 1401 non
286 1349 434 1400 aliud
461 1348 917 1400 honorificentius
947 1349 1149 1401 Cottae
1187 1349 1387 1411 evenit,
1417 1349 1510 1417 qui
1549 1349 1749 1400 nobilis
1788 1349 1900 1416 qui-

149 1436 291 1497 dem,
323 1436 421 1491 sed
453 1452 625 1503 egens
659 1436 729 1486 ob
761 1435 966 1497 luxum,
995 1453 1094 1503 per
1119 1435 1329 1503 flagitia
1354 1435 1591 1498 infamis,
1621 1435 1900 1487 sanctissi—

19 1497 23 1508 ’
59 1498 62 1501 .
149 1522 254 1574 mis
282 1521 540 1574 Arruntii
567 1522 778 1573 artibus
806 1522 1079 1589 dignitate
1106 1521 1332 1573 ultionis
1360 1523 1711 1590 aequabatur.

224 1608 292 1677 Q.
338 1608 612 1661 Servaeus
651 1609 885 1675 posthac
924 1615 979 1659 et
1021 1608 1300 1660 Minucius
1346 1608 1621 1660 Thermus
1666 1608 1893 1670 inducti,
1938 1633 1962 1658 2

18 1710 27 1732 ²
109 1695 424 1749 vServaeus
492 1702 750 1762 praetura
817 1694 1046 1747 functus
1113 1702 1169 1747 et
1236 1695 1514 1763 quondam
1583 1695 1899 1747 Germanici

152 1798 354 1844 comeS,
397 1781 679 1834 Minucius
718 1781 962 1849 equestri
999 1781 1135 1843 1060,
1178 1782 1430 1833 modeste
1455 1780 1666 1833 vhabita
1713 1781 1898 1834 Seiani

149 1867 422 1932 amicitia3
469 1868 616 1920 unde
655 1867 763 1919 illis
803 1867 977 1919 maior
1015 1867 1309 1920 miseratio,
1391 1867 1603 1920 Contra
1639 1867 1896 1920 Tiberius
1935 1893 1959 1929 3

149 1954 476 2022 praecipuos
515 1955 583 2006 ad
627 1954 835 2006 scelera
879 1954 1170 2022 increpans
1215 1954 1500 2006 admonuit
1542 1954 1601 2006 C.
1648 1954 1897 2006 Cestium

150 2048 362 2109 patrem
391 2041 573 2092 dicere
606 2040 823 2092 senatui
862 2057 1001 2108 quae
1041 2040 1146 2092 sibi
1185 2041 1514 2108 scripsisset,
1545 2041 1898 2109 suscepitque

152 2126 374 2179 Cestius
415 2127 841 2179 accusationem.
925 2127 1089 2195 Quod
1129 2127 1365 2179 maxime
1404 2127 1682 2179 exitiabile
1719 2127 1895 2179 tulere
1934 2153 1959 2189 4

149 2211 243 2265 illa
280 2221 543 2280 tempora,
574 2230 699 2265 cum
739 2213 1008 2280 primores
1047 2222 1275 2265 senatus
1315 2213 1533 2265 infimas
1566 2213 1730 2264 etiam
1759 2213 1898 2265 dela·

149 2299 330 2351 tiones
377 2307 712 2361 exercerent,
758 2299 851 2351 alii
895 2300 1191 2367 propalam,
1239 2300 1399 2351 multi
1443 2316 1542 2367 per
1586 2300 1863 2351 occultum
1883 2318 1896 2364 3

150 2402 329 2454 neque
361 2386 702 2438 discerneres
735 2386 943 2437 alienos
975 2403 1008 2438 a
1040 2386 1365 2448 coniunctiS,
1395 2386 1602 2438 amicos
1640 2387 1709 2438 ab
1747 2386 1897 2454 igno-

34 2526 42 2530 *
79 2551 82 2552 γ
154 2515 227 2566 (T
223 2516 274 2556 ib.
294 2515 388 2568 67),
408 2530 477 2556 are
507 2516 704 2567 certainly
732 2530 787 2555 no
818 2517 978 2556 confes-

74 2582 77 2583 ’
148 2570 240 2609 sion
269 2571 317 2609 of
344 2571 460 2621 guilt,
489 2571 563 2610 but
591 2583 686 2621 may
715 2584 880 2622 express
908 2572 980 2610 the

147 2625 366 2664 weariness
394 2625 442 2664 of
465 2638 519 2664 an
548 2625 619 2664 old
647 2638 745 2663 man
774 2631 818 2664 to
841 2626 980 2665 whom

20 2672 69 2734 :s
148 2678 219 2718 life
246 2692 330 2718 was
359 2693 414 2718 no
442 2679 588 2730 longer
617 2680 820 2730 anything
847 2680 920 2719 but
954 2693 979 2719 a

148 2733 309 2773 burden
328 2735 411 2773 and
431 2747 455 2773 a
475 2734 842 2785 disappointment.

204 2799 241 2827 2.
270 2789 492 2827 frustra:
509 2789 601 2826 sine
636 2803 777 2836 causa,
807 2803 832 2828 a
865 2803 975 2829 com-

147 2855 246 2881 mon
265 2843 462 2894 meaning
481 2843 524 2882 in
543 2844 714 2883 Tacitus
721 2859 733 2892 3
765 2858 835 2883 see
855 2845 890 2884 I.
913 2856 976 2896 30.

37 2887 77 2962 ἵζ-
147 2906 192 2947 3;
229 2898 310 2937 ΙΙΙ.
333 2909 395 2948 33.
420 2909 463 2946 23
502 2899 584 2938 111.
609 2899 672 2951 58.
699 2910 733 2946 1,
756 2905 834 2938 ete.

201 2951 640 3003 praestantissimus
686 2954 973 3005 sapientiae:

62 2994 72 3028 s'
146 3005 354 3054 Socrates;
394 3008 466 3047 the
496 3007 672 3046 allusion
699 3008 733 3046 is
761 3013 804 3046 to
833 3021 858 3047 a
885 3021 977 3060 pas-

48 3043 68 3106 *g
144 3071 243 3111 sage
262 3061 306 3100 in
326 3062 478 3101 Plato's
508 3062 683 3113 Gorgias
708 3061 823 3114 (80).

52 3115 71 3130 ¹*
202 3113 250 3157 7.
291 3123 592 3156 accusatores
643 3117 695 3155 L.
744 3116 974 3156 Arruntii:

50 3168 66 3217 ζ
143 3169 226 3209 this
254 3175 375 3209 event
404 3183 488 3209 was
516 3169 717 3223 probably
745 3170 904 3210 related
935 3171 980 3210 in

1066 2518 1137 2557 the
1164 2517 1246 2557 lost
1273 2518 1439 2569 portion
1468 2516 1516 2556 of
1547 2517 1620 2556 the
1653 2516 1743 2555 fifth
1770 2517 1896 2555 book.

1064 2572 1166 2611 This
1187 2572 1435 2623 Sanquinius
1454 2572 1489 2611 is
1509 2577 1583 2610 not
1611 2571 1683 2610 the
1709 2571 1898 2610 consular

1065 2627 1307 2665 mentioned
1326 2639 1365 2675 4.
1385 2638 1424 2676 4.

1123 2692 1157 2720 2.
1189 2682 1242 2733 Q.
1266 2682 1524 2721 Servaeus:
1557 2694 1626 2719 see
1646 2680 1703 2719 II.
1727 2679 1790 2733 56.
1813 2689 1850 2733 5.

1121 2736 1321 2776 inducti:
1357 2737 1419 2775 i.e.
1441 2735 1503 2774 for
1523 2735 1626 2774 trial.

1121 2792 1348 2837 modeste,
1369 2791 1543 2829 without
1569 2790 1840 2835 ostentati0n‚·
1870 2802 1895 2828 a

1064 2846 1208 2897 purely
1227 2846 1385 2897 private
1407 2845 1647 2896 friendship.

1119 2911 1155 2951 3.
1187 2901 1236 2940 C.
1267 2900 1503 2940 Cestium:
1545 2912 1614 2938 see
1648 2899 1730 2938 III.
1761 2898 1826 2949 36.
1856 2909 1893 2938 2.

1061 2955 1153 2994 The
1182 2967 1259 2993 son
1288 2955 1322 2993 is
1348 2953 1549 3006 probably
1568 2954 1640 2992 the
1670 2966 1750 2992 one
1779 2966 1893 2992 men-

1063 3009 1207 3048 tioned
1228 3009 1318 3047 XV.
1342 3018 1406 3061 25.
1423 3018 1465 3060 5.

1119 3063 1232 3103 sibi:
1262 3063 1464 3102 Tiberius.

1118 3118 1480 3164 accusationem,
1517 3117 1581 3156 the
1615 3116 1786 3170 fhrmal
1826 3117 1892 3156 in·

1064 3171 1290 3217 dictment,·
1319 3184 1388 3211 see
1408 3172 1468 3211 ΙΙ.
1490 3170 1554 3211 28.
1575 3182 1600 3222 3
1620 3185 1660 3211 n.
