2170 3488
184 226 264 269 384
970 225 1224 266 TACITUS.
1761 225 1915 279 [ΒοοΚ
1939 227 2010 270 VI.

271 378 338 415 ex
363 378 472 431 qua
494 361 672 414 fetum
699 361 860 425 oriri;
900 369 956 413 et
987 361 1221 428 primam
1259 361 1449 413 adulto
1487 378 1674 414 curam
1713 362 2015 429 sepeliendi

270 449 457 517 patris,
504 465 685 516 neque
729 449 784 499 id
829 455 1052 509 temere,
1101 448 1199 499 sed
1244 448 1462 499 sublato
1506 465 1722 500 murrae
1771 450 2015 515 pondere

269 542 651 603 temptatoque
689 551 788 602 per
813 534 1039 601 longum
1079 534 1199 596 iter,
1229 534 1323 585 ubi
1362 551 1460 600 par
1485 534 1654 596 oneri,
1685 551 1783 601 par
1809 535 2015 587 meatui

270 621 359 683 sit,
388 621 573 673 subire
599 620 836 688 patrium
864 637 1062 687 corpus
1090 620 1257 687 inque
1287 619 1432 672 Solis
1470 637 1618 671 aram
1659 620 1903 687 perferre
1940 629 2017 672 at·

210 722 232 758 8
272 725 379 777 que
405 707 638 759 adolere.
717 707 875 758 Haec
902 706 1114 758 incerta
1139 713 1195 758 et
1230 706 1496 758 fabulosis
1535 714 1729 759 aucta:
1768 714 2014 759 ceterum

268 794 440 862 aspici
490 793 780 862 aliquando
832 792 889 843 in
941 791 1205 861 Aegypto
1257 808 1377 844 eam
1421 792 1701 844 volucrem
1752 809 1864 844 non
1909 810 2017 845 am-

268 881 487 949 bigitur.

186 1000 249 1046 29
341 994 423 1046 At
466 995 677 1045 Romae
715 994 885 1045 caede
923 993 1186 1045 continua
1225 992 1559 1060 Pomponius
1607 993 1810 1055 Labe0,
1852 1009 2016 1061 quem
2091 967 2127 1056 ἴζ

269 1080 574 1148 praefuisse
615 1079 862 1131 Moesiae
903 1079 1108 1141 rettuli,
1150 1095 1250 1146 per
1286 1079 1547 1146 abruptas
1585 1095 1755 1131 venas
1801 1079 2018 1147 sangui-

211 1191 234 1216 2
273 1184 399 1218 nem
443 1166 674 1229 effudit;
718 1165 1103 1233 aemulataque
1149 1172 1235 1217 est
1280 1165 1520 1217 coniunx
1566 1165 1789 1217 Paxaea.

270 1261 551 1321 promptas
579 1252 697 1304 eius
724 1251 871 1303 modi
899 1260 1105 1303 mortes
1144 1259 1325 1303 metus
1365 1251 1639 1303 carnificis
1676 1251 1931 1314 faciebat,
1961 1259 2017 1305 et

271 1340 397 1408 quia
428 1339 673 1391 damnati
711 1338 1006 1405 publicatis
1045 1338 1206 1390 bonis
1247 1337 1530 1405 sepultura
1567 1338 2013 1405 prohibebantur,
2074 1327 2081 1334 ⁸

271 1443 459 1478 eorum
491 1425 584 1493 qui
619 1426 687 1476 de
723 1441 783 1476 se
819 1425 1141 1476 statuebant
1173 1425 1545 1475 humabantur
1570 1441 1807 1491 corpora,
1839 1441 2018 1476 mane·
2094 1464 2126 1494 4,

211 1537 233 1574 3
274 1514 407 1564 bant
433 1518 783 1573 testamenta,
808 1511 1047 1578 pretium
1074 1508 1390 1562 festinandi.
1460 1510 1571 1562 Sed
1600 1510 1806 1562 Caesar
1830 1510 2017 1563 missis
2097 1562 2099 1566 .

271 1600 339 1650 ad
384 1605 638 1650 senatum
683 1597 884 1649 litteris
929 1597 1191 1649 disseruit
1236 1613 1444 1648 morem
1484 1597 1658 1648 fuisse
1703 1597 2014 1661 maioribUS,

270 1685 527 1754 quotiens
554 1683 877 1735 dirimerent
905 1683 1193 1745 amicitias,
1223 1683 1552 1735 interdicere
1578 1684 1742 1735 domo
1781 1700 2040 1751 eumque·
2107 1679 2109 1681 ’

270 1773 438 1824 finem
477 1770 687 1838 gratiae
726 1786 964 1837 ponere:
1003 1770 1058 1821 id
1098 1787 1158 1821 se
1196 1769 1524 1837 repetivisse
1550 1769 1608 1820 in
1637 1770 1913 1832 Labeone,
1942 1777 2019 1821 at·

271 1875 377 1926 que
415 1857 582 1919 illum,
617 1857 745 1925 quia
782 1857 926 1908 male
963 1856 1378 1908 administratae
1417 1856 1730 1923 provinciae
1768 1856 2019 1908 aliorum-

270 1961 377 2013 que
412 1943 703 1996 criminum
739 1944 1052 2011 urgebatur,
1083 1943 1300 2010 culpam
1335 1942 1541 1994 invidia
1571 1942 1852 2005 velavisse,
1881 1943 2019 1994 frus-

269 2039 356 2083 tra
382 2030 682 2082 conterrita
708 2046 891 2091 uxore,
920 2047 1083 2097 quam
1112 2029 1218 2081 etsi
1245 2037 1541 2081 nocentem
1568 2029 1794 2096 periculi
1828 2037 2017 2081 tamen

849 2117 1162 2168 Mamercus
1202 2116 1330 2167 dein
1372 2115 1611 2168 Scaurus
1647 2133 1864 2168 rursum
1898 2133 2019 2182 pos·
2088 2171 2097 2186 Ι,

270 2204 493 2265 tulatur,
523 2202 759 2270 insignis
786 2202 1077 2254 nobilitate
1104 2210 1159 2254 et
1187 2202 1406 2254 orandis
1434 2202 1631 2264 causiS,
1660 2202 1774 2253 vita
1799 2202 2018 2269 probro·
2098 2203 2117 2251 17

489 2288 643 2340 Nihil
693 2289 841 2340 hune
886 2288 1129 2340 amicitia
1175 2288 1378 2350 Seiani,
1426 2289 1524 2339 sed
1568 2288 1826 2341 labefecit
1871 2289 2017 2339 haud
2096 2278 2099 2279 ’

209 2143 234 2178 4
274 2124 554 2184 expertem
581 2116 769 2169 fuisse.

211 2313 234 2351 5
275 2307 383 2342 sus,

272 2376 453 2427 minus
491 2374 731 2426 validum
770 2375 839 2426 ad
880 2375 1049 2427 exitia
1089 2374 1368 2427 Macronis
1414 2374 1615 2437 odium,
1657 2374 1749 2442 qui
1794 2375 2016 2427 easdem

1871 1166 2015 1217 Nam
2099 1189 2104 1203 -·

328 2541 364 2584 7.
385 2542 567 2570 murrae
588 2531 817 2582 pondere:
843 2531 904 2570 zze.
922 2530 970 2570 of
980 2530 1102 2583 equal

271 2586 424 2637 weight
444 2591 486 2624 to
507 2585 571 2623 his
595 2585 763 2623 father’s
786 2585 909 2635 body.

326 2641 375 2680 in
415 2640 538 2680 Solis
577 2652 729 2678 aram:
771 2645 814 2679 at
853 2639 1102 2692 Heliopolis,

271 2695 343 2735 the
380 2694 552 2747 phoenix
587 2694 715 2745 being
752 2695 898 2733 sacred
941 2700 984 2734 to
1031 2695 1103 2734 the

271 2763 359 2789 sun.

327 2802 408 2847 29.
450 2804 593 2844 caede
632 2803 876 2843 continua:
919 2804 1003 2843 and
1034 2808 1103 2854 yet

272 2872 327 2898 no
379 2871 495 2898 cases
546 2871 615 2897 are
667 2859 909 2897 mentioned
959 2864 1103 2910 except

273 2913 526 2965 Pomponius
563 2914 648 2953 and
685 2913 749 2952 his
785 2913 892 2960 wife,
927 2912 1103 2952 Scaurus

273 2969 357 3007 and
394 2968 458 3007 his
487 2968 596 3015 wife,
629 2967 836 3014 Servilius,
869 2967 1100 3014 Cornelius,

273 3023 357 3061 and
382 3023 515 3070 Ruso;
547 3022 594 3062 of
609 3022 738 3070 these,
759 3027 840 3061 two
860 3021 1103 3061 committed

273 3076 441 3123 suicide,
460 3077 584 3115 while
615 3077 731 3115 three
750 3089 857 3115 were
885 3076 1099 3115 banished.

330 3131 623 3182 Pomponius
645 3131 826 3171 Labeo:
859 3130 933 3170 IV.
953 3140 1019 3183 47.
1045 3140 1078 3170 1.

1241 2541 1279 2570 2.
1310 2530 1414 2570 eius
1434 2504 1586 2570 mo‘di:
1620 2530 1685 2570 zze.
1708 2530 1763 2580 by
1781 2530 1950 2570 suicide.

1241 2595 1279 2636 3.
1310 2585 1544 2636 quotiens,
1565 2590 1670 2624 etc.:
1703 2584 1756 2624 cf.
1777 2585 1859 2624 ΙΙΙ.
1881 2595 1944 2634 24.
1966 2594 2004 2637 5.

1241 2640 1530 2691 repetivisse,
1578 2639 1779 2685 revived,·
1829 2640 1896 2678 2'.e.
1936 2639 2019 2679 this

1187 2694 1373 2733 obsolete
1392 2694 1586 2746 practice.

1242 2748 1439 2788 invidia:
1492 2749 1557 2788 i.e.
1594 2748 1732 2787 which
1778 2748 1844 2787 his
1891 2747 2017 2788 death
2111 2751 2131 2797 ‚j

1187 2803 1325 2842 would
1345 2803 1476 2843 excite
1495 2803 1657 2854 against
1675 2803 1875 2842 Tiberius.

1242 2858 1436 2910 periculi
1466 2866 1726 2910 expertem:
1758 2858 1935 2897 because
1962 2857 2017 2897 he

1187 2913 1271 2952 had
1290 2913 1491 2953 intended
1509 2919 1553 2952 to
1572 2914 1733 2965 pardon
1752 2913 1836 2952 her·

1240 2979 1280 3017 4.
1309 2980 1520 3007 rursum:
1552 2980 1622 3007 see
1645 2978 1683 3018 9.
1706 2977 1743 3020 5.

1240 3022 1336 3061 vita
1355 3023 1635 3073 probrosus:
1668 3034 1737 3061 see
1758 3022 1839 3061 111.
1860 3020 1925 3061 66.
1949 3031 1986 3071 3.

1242 3085 1280 3128 5.
1309 3077 1500 3116 easdem
1539 3083 1685 3116 artes:
1729 3077 1798 3115 i.e.
1830 3088 1876 3115 as
1906 3074 2016 3127 Seja-

1186 3142 1274 3171 nus.

2081 3200 2102 3230 fr
