2170 3488
15 1173 40 1374 ξ
78 1308 83 1337 .,

16 1373 35 1419 :³

15 1415 39 1451 ἷξε

16 1573 39 1645 ἐ
70 1572 73 1573 7

18 1815 34 1867 i
71 1844 75 1862 .-

19 1876 34 1928 ᾗ
68 1912 70 1914 ,

40 2478 42 2482 -
38 2427 42 2434 ⁴
11 2045 43 2411 mum-'syrr
17 1934 33 2030 ἀπῆκε

164 160 293 238 'An
321 195 406 249 19.]
973 195 1220 237 ANNALs.
1931 198 2014 242 1⁷9

186 333 453 394 Pandusa,
507 348 668 400 quem
721 331 826 383 sibi
876 332 1155 384 infensum
1209 332 1586 399 Rhescuporis
1642 334 1925 402 arguebat,

185 417 546 486 Pomponium
588 417 866 479 Flaccum,
908 426 1152 469 veterem
1199 418 1490 485 stipendiis
1536 426 1592 471 et
1638 427 1758 471 arta
1801 436 1925 472 cum

183 521 315 573 rege
340 504 583 556 amicitia
609 520 782 571 eoque
809 505 1363 556 accommodatiorem
1403 505 1472 556 ad
1509 504 1827 567 fallendum,
1857 506 1927 557 ob

183 590 239 643 id
276 590 512 642 maxime
552 590 798 641 Moesiae
838 591 1118 658 praefecit.
1217 591 1450 643 Flaccus
1497 591 1555 642 in
1599 591 1927 643 Thraeciam
1949 598 2008 643 67

182 684 562 745 transgressus
598 693 697 743 per
722 676 973 744 ingentia
1010 677 1282 744 promissa
1318 677 1567 745 quamvis
1606 678 1924 745 ambiguum

183 770 239 815 et
267 763 475 814 scelera
501 779 599 814 sua
625 770 974 830 reputantem
1005 763 1243 830 perpulit
1271 771 1333 814 ut
1366 763 1637 830 praesidia
1676 765 1928 816 Romana

183 849 432 900 intraret.
510 849 864 901 Circumdata
907 849 1038 900 hinc
1082 849 1199 917 regi
1244 850 1429 916 specie
1480 849 1702 901 honoris
1748 850 1926 901 valida
1967 858 2017 898 2·

182 952 394 997 manus,
434 935 750 1003 tribunique
789 943 845 986 et
892 935 1245 987 centuriones
1295 936 1586 997 monendO,
1629 936 1924 998 suadendO,

183 1029 239 1074 et
266 1030 474 1090 quanto
499 1021 720 1090 longius
759 1022 1175 1083 abscedebatur,
1205 1022 1476 1088 apertiore
1515 1022 1779 1084 custodia,
1809 1039 1929 1090 pos-

182 1116 362 1160 tremo
387 1125 620 1176 gnarum
653 1108 1003 1160 necessitatis
1042 1108 1099 1159 in
1139 1109 1331 1159 urbem
1371 1116 1600 1160 traxere.
1680 1108 1924 1161 Accusa-
1966 1133 1989 1170 3

183 1202 274 1247 tus
303 1194 359 1246 in
387 1203 584 1246 senatu
611 1195 681 1246 ab
709 1211 876 1246 uxore
905 1194 1100 1263 Cotyis
1128 1195 1423 1246 damnatur
1447 1202 1508 1246 ut
1535 1194 1726 1263 procul
1757 1213 1927 1263 regno

183 1288 478 1333 teneretur.
559 1281 828 1333 Thraecia
854 1280 910 1331 in
941 1281 1378 1333 Rhoemetalcen
1417 1281 1606 1343 filium,
1637 1299 1801 1349 quem
1840 1299 1928 1349 pa·
1966 1307 2021 1342 4,

183 1367 357 1419 ternis
418 1367 661 1419 consiliis
723 1368 1074 1418 adversatum
1140 1368 1445 1429 constabat,
1498 1366 1665 1435 inque
1727 1367 1928 1421 liberos

186 1453 380 1523 Cotyis
431 1453 723 1517 dividitur3
775 1454 950 1521 iisque
1002 1454 1248 1505 nondum
1300 1453 1500 1505 adultis
1545 1454 1929 1507 Trebellienus

187 1540 369 1592 Rufus
396 1548 653 1608 praetura
677 1540 905 1591 functus
944 1541 1106 1591 datur
1132 1539 1224 1607 qui
1263 1557 1496 1608 regnum
1537 1540 1758 1592 interim
1793 1549 1932 1594 trac·

184 1634 343 1689 taret,
398 1627 647 1694 exemplo
711 1644 818 1694 quo
883 1626 1116 1678 maiores
1170 1627 1245 1678 M.
1304 1626 1576 1694 Lepidum
1631 1627 1930 1680 Ptolemaei

108 1705 111 1707 ’
184 1713 371 1766 liberis
414 1721 656 1765 tutorem
703 1713 760 1764 in
801 1712 1128 1782 Aegyptum
1174 1713 1452 1765 miserant.
1549 1715 1926 1781 Rhescuporis
1968 1738 1991 1775 5

185 1799 577 1852 Alexandriam
623 1800 888 1851 devectus
933 1807 1098 1867 atque
1143 1799 1254 1851 illic
1298 1799 1487 1867 fugam
1532 1807 1814 1868 temptans
1859 1819 1928 1853 an

184 1886 316 1939 ficto
342 1886 572 1938 crimine
598 1886 939 1938 interficitur.

259 2001 363 2052 Per
387 2000 532 2052 idem
558 2007 779 2067 tempus
805 2000 1088 2062 VononeS,
1119 2017 1282 2068 quem
1311 2008 1555 2052 amotum
1596 2000 1652 2052 in
1682 2000 1930 2054 Ciliciam
1952 2009 2013 2053 68

185 2087 497 2149 memoravi,
540 2087 812 2154 corruptis
852 2087 1177 2138 custodibus
1218 2087 1467 2154 effugere
1506 2087 1575 2138 ad
1615 2086 1927 2150 ArmeniOS,

184 2173 314 2225 inde
363 2172 615 2224 Albanos
674 2173 1104 2240 Heniochosque
1168 2180 1223 2224 et
1288 2173 1762 2240 consanguineum
1827 2174 1930 2226 sibi

184 2276 372 2328 regem
402 2259 735 2330 Scytharum
763 2267 994 2311 conatus
1027 2267 1126 2312 est.
1208 2259 1406 2326 Specie
1430 2259 1670 2311 venandi
1709 2261 1926 2312 omissis
1971 2287 1992 2311 2

185 2345 474 2397 maritimis
501 2345 636 2398 locis
663 2345 783 2397 avia
809 2346 1049 2398 saltuum
1076 2345 1252 2412 petiit,
1282 2362 1410 2397 mox
1435 2345 1765 2413 pernicitate
1804 2348 1929 2415 equi

239 2509 443 2544 veterem
478 2503 740 2555 stipendiis,
765 2516 913 2555 grown
954 2503 1025 2542 old
1150 2503 1232 2542 iis:
1266 2503 1338 2542 the
1359 2502 1547 2542 children
1567 2503 1616 2542 of
1630 2503 1766 2555 Cotys.

186 2558 236 2598 in
259 2559 452 2609 military
468 2559 635 2597 service.
1151 2557 1432 2597 Ptolemaei:
1459 2557 1644 2608 Ptolemy
1664 2559 1923 2610 Epiphanes;

239 2613 467 2652 amicitia:
501 2612 678 2651 ablative
698 2612 746 2651 of
767 2612 933 2664 quality.
1094 2618 1137 2652 at
1164 2612 1228 2651 his
1258 2612 1397 2659 death,
1429 2621 1508 2651 B.C.
1544 2611 1632 2660 181,
1673 2613 1810 2664 Egypt
1847 2627 1931 2653 was

239 2679 371 2718 rege:
406 2667 697 2719 Rhescuporis.
1093 2667 1299 2706 inherited
1317 2667 1371 2717 by
1391 2666 1455 2705 his
1483 2672 1564 2706 two
1593 2679 1703 2714 sons,
1726 2668 1930 2707 Philome·

239 2720 320 2765 67.
365 2722 654 2772 ambiguum,
693 2729 1011 2774 reputantem:
1093 2728 1157 2761 tor
1178 2722 1262 2760 and
1292 2721 1495 2771 Physcon,
1517 2727 1560 2760 to
1579 2722 1718 2760 whom
1747 2722 1931 2774 Lepidus

183 2790 234 2817 sc.
255 2778 624 2829 Rhescuporida.
1092 2790 1175 2816 was
1194 2776 1317 2827 given
1337 2789 1382 2815 as
1401 2789 1426 2815 a
1444 2777 1657 2827 guardian.

239 2833 495 2884 praesidia:
554 2833 626 2872 the
681 2832 856 2883 military
903 2837 1017 2884 posts
1148 2829 1230 2874 68.
1271 2833 1553 2871 memoravi:
1588 2831 1652 2884 58.
1673 2842 1710 2882 3.

185 2899 299 2939 upon
318 2887 389 2926 the
408 2887 590 2926 frontier.
1149 2886 1373 2934 Albanos,
1428 2892 1530 2925 etc.:
1590 2887 1708 2925 these
1765 2886 1930 2927 nations

241 2952 279 2981 2.
308 2942 673 2982 abscedebatur:
717 2941 780 2981 i.e.
811 2940 917 2980 from
953 2941 1018 2980 his
1094 2953 1202 2979 were
1232 2941 1354 2979 north
1386 2940 1434 2979 of
1462 2941 1672 2988 Armenia,
1702 2941 1773 2980 the
1802 2941 1928 2981 Alba-

185 2994 323 3035 home.
1095 2995 1214 3034 nians
1252 3008 1365 3046 upon
1403 2995 1474 3034 the
1513 2995 1692 3046 Caspian
1732 2996 1823 3043 Sea,
1857 2997 1928 3035 the

237 3061 278 3099 4
310 3050 359 3090 in
397 3079 408 3090 .
447 3079 458 3090 .
496 3079 508 3090 .
548 3050 714 3101 inque:
765 3062 791 3089 a
836 3049 1018 3102 peculiar
1098 3049 1387 3088 Heniochians
1417 3062 1530 3100 upon
1558 3050 1629 3088 the
1658 3049 1837 3098 Euxine,
1857 3051 1928 3090 the

184 3104 382 3156 meaning
400 3103 449 3143 of
463 3104 526 3152 in,
538 3105 788 3145 —betweem
1097 3103 1314 3154 Scythians
1334 3103 1490 3143 further
1510 3103 1646 3144 north.
