2170 3488
229 210 341 249 ΑΒ.
363 208 453 262 21.]
1020 211 1265 252 ANNALS.
1975 215 2057 258 239

225 362 289 397 ac
307 344 513 397 virtute
539 344 767 413 legatOS,
792 362 852 397 se
873 346 1116 399 consiliis
1145 347 1499 414 superfuisse.
1579 349 1756 402 Simul
1778 368 1970 404 causas
2007 377 2030 401 2

224 448 323 483 cur
347 448 458 482 non
497 431 629 498 ipse,
660 448 772 483 non
810 431 1028 484 Drusus
1068 433 1302 500 profecti
1341 434 1410 485 ad
1450 434 1504 486 id
1541 434 1747 487 bellum
1786 436 1968 489 forent

222 518 486 580 adiunxit,
528 517 967 585 magnitudinem
1014 519 1227 587 imperii
1268 520 1554 582 extollens,
1597 539 1776 589 neque
1816 524 1971 576 deco-

222 622 343 657 rum
382 604 735 672 principibUS,
780 605 825 656 si
865 622 974 656 una
1018 606 1257 658 alterave
1297 607 1489 659 civitas
1529 609 1731 670 turbet,
1766 610 1969 662 omissa

221 692 371 754 urbe,
410 692 556 743 unde
597 691 654 743 in
696 691 881 743 omnia
922 692 1182 760 regimen.
1266 694 1446 755 Nune,
1493 695 1620 762 quia
1662 712 1774 746 non
1815 705 1966 748 metu
2005 717 2029 754 3

221 778 468 840 ducatur,
498 778 718 840 iturum,
748 786 809 830 ut
835 779 1150 846 praesentia
1178 788 1454 847 spectaret
1486 790 1962 851 componeretque.

222 865 534 917 Decrevere
560 873 746 932 patres
772 873 902 917 vota
936 882 1034 933 pro
1070 866 1249 917 reditu
1279 866 1397 918 eius
1427 868 1966 937 supplicationesque

220 959 276 1002 et
315 951 420 1004 alia
457 952 668 1004 decora.
750 951 913 1004 Solus
943 952 1232 1005 Dolabella
1262 953 1565 1016 CorneliuS,
1598 956 1728 1006 dum
1754 956 1964 1008 anteire
2002 977 2028 1012 4

220 1045 435 1090 ceteros
467 1046 637 1106 parat,
667 1039 959 1091 absurdam
987 1039 1044 1090 in
1071 1040 1442 1092 adulationem
1473 1058 1814 1109 progressuS,
1845 1059 1966 1094 cen-

220 1124 330 1176 suit
356 1132 418 1177 ut
445 1142 615 1177 ovans
643 1142 674 1177 e
702 1125 1004 1193 Campania
1032 1127 1223 1178 urbem
1261 1127 1525 1179 introiret.
1611 1128 1790 1196 Igitur
1816 1145 1964 1181 secu·
2001 1147 2026 1185 5

218 1219 310 1263 tae
341 1212 592 1264 Caesaris
624 1212 858 1274 litterae,
889 1213 1088 1280 quibus
1121 1230 1181 1265 se
1221 1231 1331 1265 non
1369 1222 1482 1265 tam
1519 1232 1754 1266 vacuum
1793 1214 1968 1282 gloria

219 1299 568 1366 praedicabat
607 1306 669 1351 ut
702 1307 827 1366 post
858 1300 1230 1352 ferocissimas
1267 1308 1465 1368 gentes
1501 1302 1849 1367 perdomitaS,
1878 1308 1965 1354 tot

218 1393 472 1453 receptos
517 1385 574 1437 in
614 1386 838 1438 iuventa
876 1395 970 1438 aut
1011 1395 1226 1454 spretos
1267 1387 1591 1454 triumphOS,
1634 1388 1740 1438 iam
1780 1387 1966 1440 senior

218 1465 678 1540 peregrinationis
707 1474 1056 1525 suburbanae
1083 1474 1246 1525 inane
1275 1474 1575 1540 praemium
1603 1481 1832 1540 peteret.

294 1558 411 1612 Sub
449 1559 595 1611 idem
635 1567 869 1626 tempuS,
912 1569 974 1612 ut
1014 1577 1160 1611 mors
1205 1560 1432 1627 Sulpicii
1476 1559 1712 1628 Quirinii
1730 1559 1963 1626 publicis
1983 1566 2046 1610 48

219 1646 494 1714 exsequiis
544 1646 1002 1714 frequentaretur,
1051 1647 1246 1714 petivit
1298 1663 1330 1698 a
1381 1654 1588 1698 senatu.
1689 1646 1842 1698 Nihil
1893 1647 1962 1698 ad
2000 1670 2024 1696 2

217 1740 462 1784 veterem
514 1740 570 1785 et
614 1733 900 1801 patriciam
949 1733 1316 1801 Sulpiciorum
1361 1731 1625 1784 familiam
1675 1732 1960 1800 Quirinius

218 1819 499 1886 pertinuit,
530 1827 684 1871 ortus
723 1821 868 1887 apud
908 1820 1267 1887 municipium
1299 1819 1640 1882 Lanuvium;
1681 1820 1778 1870 sed
1810 1818 1963 1886 impi-

218 1922 318 1973 ger
343 1906 571 1957 militiae
609 1914 666 1957 et
705 1907 920 1958 acribus
961 1906 1281 1957 ministeriis
1322 1905 1668 1957 consulatum
1705 1906 1806 1956 sub
1834 1906 1960 1956 divo

218 1991 496 2059 AugustO,
526 2009 652 2043 mox
679 1993 1006 2060 expugnatis
1033 2009 1132 2059 per
1161 1992 1408 2044 Ciliciam
1445 1991 1958 2042 Homonadensium

217 2077 457 2130 castellis
484 2078 724 2146 insignia
749 2078 1015 2145 triumphi
1042 2079 1291 2146 adeptus,
1321 2079 1591 2145 datusque
1618 2085 1799 2129 rector
1820 2077 1958 2129 Gaio

219 2164 443 2217 Caesari
469 2164 796 2216 Armeniam
824 2165 1115 2216 obtinenti.
1192 2164 1476 2216 Tiberium
1516 2181 1732 2232 quoque
1775 2163 1956 2215 Rhodi
1996 2183 2020 2219 3

271 2303 356 2349 47.
397 2306 704 2358 superfuisse,
741 2306 834 2345 had
863 2306 958 2345 been
997 2319 1051 2345 on
1186 2315 1221 2358 5.
1252 2312 1436 2357 spretos
1458 2305 1747 2356 triumphos:
1778 2304 1961 2343 Velleius

215 2360 550 2400 hand—shown
570 2361 799 2400 themselves
809 2361 1050 2412 prepared,·
1134 2359 1215 2413 (ΙΙ.
1250 2359 1347 2411 122)
1372 2366 1519 2398 asserts
1547 2360 1637 2398 that
1662 2359 1851 2397 Tiberius
1878 2372 1961 2397 was

217 2415 261 2454 in
299 2421 480 2455 contrast
509 2416 609 2455 with
640 2416 711 2455 the
744 2416 867 2467 panic
901 2415 948 2454 of
980 2416 1051 2455 the
1129 2415 1301 2454 entitled
1322 2420 1364 2453 to
1384 2427 1509 2453 seven
1529 2413 1742 2465 triumph5‚
1762 2413 1836 2452 but
1856 2412 1961 2452 cele-

216 2475 402 2509 senators
421 2471 505 2510 and
524 2471 663 2510 others
687 2470 924 2522 (Pfitzner).
1127 2470 1273 2509 brated
1293 2469 1389 2519 only
1408 2468 1536 2507 three.

273 2535 310 2564 2.
345 2526 568 2564 decorum
620 2525 933 2576 principibus:
998 2538 1052 2563 an
1183 2522 1264 2566 48.
1299 2523 1492 2575 Sulpicii
1513 2522 1717 2574 Quirini:
1741 2534 1810 2562 see
1832 2532 1894 2562 22.
1912 2531 1952 2570 1;

216 2578 414 2618 infinitive
434 2592 528 2630 may
541 2580 595 2618 be
614 2579 805 2631 supplied
825 2579 930 2618 from
949 2592 1051 2632 pro-
1129 2579 1215 2619 also
1237 2579 1294 2618 ΙΙ.
1317 2589 1381 2628 30.
1401 2589 1441 2626 4.

217 2633 325 2673 fecti
346 2664 355 2673 .
377 2664 386 2673 .
408 2665 417 2674 .
438 2634 602 2674 forent.
1186 2644 1221 2672 2.
1253 2633 1378 2685 apud
1419 2631 1753 2682 municipium:
1796 2631 1867 2670 the
1899 2631 1960 2669 in·

271 2689 397 2728 unde
427 2718 436 2727 .
464 2719 473 2728 .
502 2718 510 2726 .
541 2689 774 2740 regimen:
807 2689 879 2728 the
908 2702 1052 2728 source
1128 2688 1338 2727 habitants
1366 2686 1413 2725 of
1438 2686 1507 2724 the
1536 2686 1684 2724 Italian
1704 2691 1835 2724 towns
1854 2698 1960 2723 were

217 2741 266 2782 of
279 2742 333 2782 all
353 2743 559 2794 authority
578 2745 661 2783 and
681 2744 1023 2783 administration.
1129 2742 1177 2781 of
1199 2754 1342 2781 course
1363 2740 1568 2792 plebeian,
1586 2739 1707 2777 while
1728 2740 1798 2777 the
1821 2740 1959 2790 Sulpi-

270 2809 310 2847 4.
340 2809 366 2837 e
386 2799 669 2850 Campania:
697 2811 767 2837 see
784 2809 848 2848 31.
863 2809 906 2845 23
935 2798 1051 2836 Pfitz-
1129 2797 1189 2835 cz'z'
1206 2809 1312 2834 were
1333 2809 1387 2834 an
1408 2795 1572 2833 ancient
1593 2793 1792 2845 patrician
1815 2805 1928 2843 gens.

216 2863 292 2891 ner
313 2852 456 2891 thinks
475 2853 565 2891 that
585 2853 666 2892 this
687 2853 812 2892 refers
832 2858 874 2891 to
897 2865 948 2891 an
986 2865 1050 2890 en·
1182 2851 1499 2890 consulatum:
1534 2858 1611 2887 B.C.
1637 2858 1698 2887 12.

215 2909 358 2947 trance
387 2906 492 2948 from
521 2909 602 2948 this
632 2910 833 2948 direction
861 2909 963 2947 after
985 2907 1050 2946 his
1183 2906 1387 2956 insignia
1411 2905 1636 2957 triumphi
1660 2919 1669 2942 ε
1707 2903 1742 2942 Ι.
1760 2912 1822 2954 72.
1847 2912 1863 2940 1
1888 2915 1928 2941 n.

214 2960 312 3002 visit
329 2967 374 3002 to
393 2963 499 3004 Gaul
507 2979 519 3012 ;
546 2966 617 3005 the
635 2967 771 3005 words
791 2965 1050 3018 peregrina·
1185 2964 1334 2997 rector
1360 2957 1477 2995 Gaio
1505 2955 1716 2994 Caesari:
1750 2955 1822 2994 the
1845 2967 1958 2994 same

216 3017 362 3060 tionis
382 3021 693 3068 suburbanae,
714 3021 917 3066 however,
937 3020 1052 3058 show
1130 3012 1305 3051 relation
1334 3012 1376 3049 in
1399 3009 1535 3048 which
1566 3008 1736 3059 Sejanus
1765 3010 1885 3048 stood
1914 3015 1957 3048 to

216 3073 307 3113 that
332 3087 386 3115 an
408 3074 647 3121 immediate
670 3080 866 3119 entrance
884 3085 968 3112 was
990 3072 1052 3111 in·
1131 3067 1289 3105 Drusus
1318 3065 1360 3103 in
1388 3064 1452 3103 his
1479 3063 1648 3102 mission
1677 3068 1720 3102 to
1751 3063 1821 3102 the
1853 3064 1955 3102 Pan-

216 3128 387 3174 tended,
533 3173 535 3175 ¹
556 3118 562 3170 s
589 3169 598 3174 „
1131 3120 1286 3159 nonian
1305 3131 1416 3169 army
1441 3117 1498 3170 (Ι.
1520 3128 1583 3167 24.
1606 3118 1670 3169 3).

450 3175 531 3189 ’.μ’
726 3168 757 3174 “”’
