2170 3488
19 814 82 854 7·
155 824 363 876 iniectu
401 823 607 875 multae
644 823 816 875 vestis
855 823 1007 875 iubet
1047 822 1364 891 discedique
1402 823 1471 875 ab
1510 822 1711 876 limine.

13 1169 30 1208 ’ἲ
67 1185 84 1223 -J
154 1169 543 1237 adoptionibus
589 1168 883 1220 transierit.

159 258 267 300 A.D.
289 256 377 311 37.]
953 255 1200 298 ANNALS.
1905 256 1986 301 40⁵

157 393 334 446 redire
360 392 585 445 Tiberio
613 409 803 444 vocem
831 409 894 445 ac
921 393 1073 444 visus
1111 391 1403 460 vocarique
1441 392 1534 460 qui
1572 394 1902 446 recreandae

157 478 458 531 defectioni
503 478 685 530 cibum
731 478 1023 530 adferrent.
1106 478 1280 529 Pavor
1320 477 1450 530 hinc
1496 477 1550 529 in
1598 495 1805 541 omneS‚
1842 488 1898 532 et
1938 494 1961 531 8

157 564 327 618 ceteri
353 564 558 632 passim
586 563 844 632 dispergi,
874 581 935 616 se
961 563 1194 632 quisque
1220 572 1493 615 maestum
1521 571 1615 616 aut
1651 565 1898 618 nescium

155 652 398 719 fingere;
438 650 643 703 Caesar
680 650 737 702 in
777 650 1059 703 silentium
1098 650 1237 701 fixus
1276 667 1309 702 a
1335 667 1549 702 summa
1589 667 1687 718 spe
1726 652 1902 704 novis·

156 738 296 790 sima
345 738 714 805 exspectabat.
811 738 1000 789 Macro
1052 736 1360 803 intrepidus
1412 737 1647 804 opprimi
1708 755 1897 791 senem
1936 763 1962 800 9

1806 824 1900 878 Sic

154 910 411 962 Tiberius
438 909 616 961 finivit
644 917 839 961 octavo
867 918 923 961 et
953 909 1362 977 septuagesimo
1389 909 1589 961 aetatis
1616 927 1774 962 anno,

229 997 392 1048 Pater
415 995 486 1048 „ei
538 996 691 1047 Nero
742 1003 797 1047 et
850 995 1129 1063 utrimque
1180 995 1332 1064 origo
1383 996 1569 1063 gentis
1623 996 1897 1059 Claudiae,
1921 1003 1980 1049 51

154 1100 482 1152 quamquam
529 1090 706 1134 mater
749 1082 806 1133 in
853 1082 1068 1133 Liviam
1115 1089 1170 1133 et
1222 1099 1349 1134 mox
1396 1082 1590 1133 Iuliam
1636 1083 1899 1135 familiam

977 1168 1154 1220 Casus
1199 1168 1374 1235 prima
1418 1169 1487 1220 ab
1534 1167 1767 1220 infantia
1809 1164 1899 1221 anss
1938 1193 1962 1219 2

157 1256 389 1328 cipites:
441 1273 568 1306 nam
620 1254 987 1322 proscriptum
1039 1263 1252 1322 patrem
1304 1255 1458 1306 exsul
1510 1264 1752 1318 secutuS,
1805 1255 1900 1308 ubi

23 1374 37 1421 φ»
67 1354 83 1398 ,'
154 1342 378 1394 domum
409 1341 659 1409 Augusti
697 1341 982 1409 privignus
1021 1341 1248 1403 introiit,
1278 1341 1468 1393 multis
1508 1342 1738 1393 aemulis
1778 1359 1901 1394 con-

67 1418 81 1438 .„
155 1428 396 1499 flictatus
449 1436 550 1490 est,
599 1428 729 1479 dum
783 1427 1079 1479 Marcellus
1133 1435 1187 1479 et
1239 1427 1504 1495 Agrippa,
1549 1445 1676 1479 mox
1727 1428 1900 1480 Gaius

26 1541 34 1562 ·.
157 1515 471 1583 Luciusque
511 1514 778 1566 Caesares
805 1514 1063 1582 viguere3
1102 1514 1268 1565 etiam
1309 1514 1482 1565 frater
1519 1514 1638 1565 eius
1679 1509 1897 1566 Drusus

155 1601 499 1669 prosperiore
526 1601 729 1653 civium
755 1617 941 1652 amore
968 1609 1100 1652 erat.
1184 1600 1295 1652 Sed
1333 1600 1567 1651 maxime
1606 1600 1662 1651 in
1689 1600 1897 1652 lubrico
1937 1624 1961 1660 3

26 1685 38 1745 Ξ
155 1687 270 1756 egit
304 1695 533 1755 accepta
562 1687 619 1738 in
651 1687 1062 1738 matrimonium
1098 1687 1250 1748 Iulia,
1285 1686 1683 1753 impudicitiam
1716 1687 1899 1739 uxoris

27 1776 40 1798 ³²
84 1806 86 1808 ψ
154 1773 396 1826 tolerans
434 1781 530 1826 aut
569 1773 851 1825 declinans

946 1773 1092 1824 Dein
1135 1773 1332 1824 Rhodo
1371 1789 1656 1840 regressus
1694 1789 1896 1824 vacuos
1936 1798 1962 1833 4

156 3162 384 3217 finivisset,
403 3164 441 3206 Ι.
463 3175 503 3215 9.
527 3174 562 3208 1.

210 1973 249 2013 9.
284 1962 487 2015 opprimi
524 1973 713 2001 senem:
765 1960 987 2001 Suetonius

30 2021 42 2063 'es
90 2039 91 2042 =
161 2016 284 2070 (Tib.
306 2017 379 2069 73)
403 2017 518 2068 gives
536 2016 694 2055 several
720 2020 918 2055 accounts
944 2014 991 2054 of

42 2071 43 2074 ’
94 2099 100 2102 -
157 2071 222 2111 his
249 2072 389 2111 death.
447 2071 564 2110 Sunt
587 2071 664 2122 qui
684 2075 838 2122 putent
867 2083 985 2108 vene-

84 2124 86 2127 ’
158 2139 263 2165 num
283 2126 323 2165 ei
341 2139 369 2164 a
396 2126 503 2165 Gaio
522 2125 668 2164 datum
688 2125 847 2163 lentum
864 2130 987 2175 atque

155 2181 398 2235 tabificum:
432 2181 527 2227 alii,
556 2181 605 2219 in
635 2180 876 2218 remissione
891 2180 985 2232 sor·

52 2236 79 2289 ’ἓ
90 2231 98 2242 ”
156 2235 433 2289 tuztaejebris
446 2235 583 2273 cibum
599 2234 856 2273 desideranti
871 2246 988 2285 nega-

35 2306 58 2340 ‚·
85 2299 93 2322 :.
157 2295 246 2329 tum
255 2304 275 2336 ‚·
297 2290 510 2337 nonnulli,
514 2290 751 2341 pulvinum
773 2289 987 2335 iniectum,

29 2390 42 2398 ,Υ
70 2342 90 2379 s
159 2358 252 2384 cum
281 2350 515 2384 extractum
543 2344 625 2382 sibi
652 2343 860 2397 deficienti
882 2356 988 2382 anu-

31 2400 49 2429 ⁷>
74 2438 89 2453 =.
157 2399 247 2439 lum
303 2413 400 2438 mox
450 2399 692 2450 resipiscens
743 2398 988 2449 requisisset.

159 2454 312 2510 Seneca
333 2467 426 2493 eum
454 2453 608 2500 scribit,
633 2454 834 2492 intellecta
864 2453 987 2505 defec-

157 2509 279 2556 tione,
299 2515 531 2560 exemptum
554 2509 750 2555 anulum,
766 2509 889 2559 quasi
908 2507 987 2546 ali-

32 2576 54 2605 ⁴.
157 2564 230 2602 cui
246 2563 525 2611 traditurum,
532 2570 773 2616 parumper
786 2564 988 2608 tenuisse,·

70 2628 87 2659 I:
159 2617 256 2657 dein
284 2631 437 2657 rursus
464 2625 622 2670 aptasse
657 2619 780 2671 digito
817 2625 855 2658 et
885 2632 988 2657 com-

157 2678 303 2724 pressa
331 2674 510 2713 sinistra
542 2688 678 2714 manu
709 2675 885 2713 iacuisse
913 2675 990 2713 diu

0 2735 3 2771 ε
35 2727 52 2777 ἦ
75 2746 86 2759 2
159 2727 406 2767 immobilem
417 2743 434 2774 ,·
454 2730 596 2776 subito,
614 2731 767 2769 vocatis
779 2730 991 2768 ministris

51 2818 54 2819 γ
78 2803 87 2835 ss-
159 2795 209 2821 ac
235 2784 406 2822 nemine
436 2785 710 2835 respondente,
742 2798 989 2823 consurrex-

160 2837 246 2886 isse,
268 2851 342 2877 nec
361 2839 517 2890 procul
541 2852 567 2877 a
598 2839 740 2877 lectulo
766 2839 990 2892 deficienti-

0 2907 5 2910 ·
161 2891 233 2931 bus
269 2893 436 2932 viribus
474 2893 705 2932 concidisse.
771 2893 836 2932 Cf.
872 2893 991 2932 Dio’s

52 2956 59 2990 ζ
95 2947 107 2974 «“
159 2953 337 2987 account
362 2947 541 2999 (LVIII.
567 2947 659 2997 28),
687 2948 773 2987 and
800 2947 992 2986 Aurelius

0 3041 2 3047 ,
39 3000 59 3039 -Q
92 3010 93 3014 ’
159 2999 315 3050 Victor,
335 3003 417 3054 Ep.
434 3012 472 3050 2,
494 3002 666 3040 insidiis
691 3002 905 3054 Caligulae
923 3015 991 3040 ex-

51 3068 53 3073 *
91 3081 99 3106 3
159 3055 332 3095 stinctus
349 3061 414 3096 est.

217 3109 388 3150 finivit:
439 3111 541 3150 Intr.
580 3119 631 3163 35
671 3115 717 3159 t;
772 3109 824 3150 cf.
859 3110 992 3149 vitam

1125 1960 1292 2000 aetatis
1322 1971 1471 1999 anno:
1513 1959 1563 1999 cf.
1596 1959 1707 1999 Suet.
1737 1960 1827 2000 Tib.
1859 1970 1900 2013 5,

1071 2021 1198 2054 natus
1234 2020 1292 2053 est
1325 2015 1482 2054 Romae
1521 2015 1570 2053 in
1606 2015 1775 2053 Palatio
1812 2025 1902 2054 XVI.

1069 2070 1174 2109 Kal.
1205 2070 1304 2109 Dec.
1334 2071 1399 2109 M.
1432 2069 1613 2108 Aemilio
1646 2069 1798 2120 Lepido
1833 2071 1902 2108 ite-

1071 2138 1171 2163 rum
1191 2125 1240 2163 L.
1256 2124 1461 2163 Munatio
1480 2124 1637 2162 Planco
1657 2124 1903 2171 consulibus,

1070 2185 1154 2231 per
1172 2179 1320 2217 bellum
1340 2179 1618 2230 Philippense.

1127 2231 1210 2276 51.
1251 2240 1383 2285 pater
1412 2233 1468 2280 ei,
1499 2238 1602 2272 ete.:
1639 2245 1709 2272 see
1743 2232 1806 2272 for
1833 2232 1905 2272 the

1073 2288 1272 2340 adoption
1293 2287 1340 2326 of
1358 2287 1509 2326 Livia's
1532 2287 1678 2335 father,
1698 2288 1748 2327 V.
1774 2298 1808 2327 1.
1832 2297 1866 2326 1.

1127 2343 1354 2382 familiam
1375 2360 1414 2376 =
1430 2348 1606 2394 gentem,
1627 2355 1651 2381 a
1680 2354 1776 2393 very
1795 2354 1905 2381 com·

1072 2410 1172 2436 mon
1192 2410 1332 2448 usage.

1130 2462 1166 2491 2.
1196 2453 1513 2504 proscriptum
1572 2458 1775 2503 patrem:
1825 2459 1905 2490 B.c.

1071 2519 1138 2558 40.
1185 2507 1375 2546 Tiberius
1395 2519 1479 2546 was
1499 2512 1541 2545 at
1560 2506 1642 2545 this
1661 2506 1759 2545 time
1781 2505 1907 2545 about

1073 2569 1154 2603 two
1182 2575 1299 2614 years
1330 2562 1422 2611 old3
1457 2567 1499 2601 at
1527 2562 1598 2600 the
1626 2561 1725 2600 time
1759 2559 1807 2600 of
1835 2559 1907 2599 the

1073 2619 1274 2670 marriage
1296 2618 1344 2657 of
1365 2617 1430 2656 his
1451 2617 1614 2655 mother
1633 2621 1676 2654 to
1697 2614 1906 2662 Octavius,

1073 2684 1151 2714 B.c.
1174 2673 1238 2725 38,
1258 2674 1311 2712 he
1333 2685 1417 2711 was
1439 2671 1529 2710 four
1547 2683 1663 2721 years
1683 2669 1766 2708 old.

1129 2729 1291 2768 multis
1315 2726 1540 2767 aemulis:
1573 2737 1643 2764 see
1663 2724 1697 2763 1.
1719 2733 1757 2774 3.

1130 2785 1340 2823 Drusus:
1376 2794 1445 2820 see
1467 2780 1501 2819 Ι.
1523 2790 1586 2831 33.
1609 2789 1633 2829 3
1649 2791 1690 2817 n.

1131 2849 1166 2889 3.
1197 2838 1399 2877 maxime
1425 2866 1434 2875 .
1458 2865 1466 2872 .
1488 2866 1498 2876 .
1522 2834 1630 2884 egit,
1650 2833 1700 2871 he
1721 2831 1833 2870 stood
1853 2843 1908 2869 on

1076 2898 1176 2932 most
1191 2893 1373 2943 slippery
1386 2889 1569 2942 ground.

1130 2953 1321 2998 accepta
1342 2974 1350 2982 .
1375 2973 1383 2982 .
1409 2974 1417 2983 .
1440 2944 1580 2983 Iulia:
1614 2954 1683 2980 see
1703 2940 1738 2979 1.
1761 2949 1825 2991 53.
1847 2949 1883 2977 2.

1130 3013 1169 3051 4.
1200 3011 1401 3040 vacuos:
1435 3011 1485 3036 sc.
1517 2996 1660 3035 liberis
1673 3009 1692 3040 ,·
1732 2991 1910 3032 Marcel-

1076 3055 1152 3102 lus,
1168 3055 1306 3100 Gaius,
1323 3053 1405 3092 and
1422 3051 1574 3090 Lucius
1589 3061 1696 3087 were
1713 3047 1767 3086 all
1788 3046 1910 3092 dead,

1077 3109 1263 3160 Agrippa
1292 3108 1510 3147 Postumus
1537 3115 1621 3143 was
1650 3101 1753 3140 unfit
1781 3105 1825 3139 to
1856 3099 1910 3137 be

1076 3163 1143 3203 his
1160 3161 1274 3202 rival.
