2170 3488
194 201 276 243 340

280 337 521 407 antiquis
560 337 781 390 feminis
820 338 1127 405 probatum,
1156 344 1334 388 mater
1358 337 1471 405 imp
1509 345 1653 400 tenS,
1683 355 1818 389 uxor
1841 338 2021 391 facilis
2095 354 2098 356 ’

281 432 337 477 et
366 442 491 477 cum
523 424 735 476 artibus
772 423 954 475 mariti
994 422 1344 475 simulatione
1382 423 1479 474 filii
1518 424 1661 475 bene
1699 425 2018 492 composita.
2082 470 2086 499 ζ

219 525 244 561 6
285 512 478 563 Funus
530 511 648 562 eius
700 509 992 571 modicum,
1040 517 1440 561 testamentum

284 598 533 650 Laudata
571 605 656 649 est
696 613 793 664 pro
833 596 1025 647 rostris
1064 613 1097 647 a
1123 596 1261 648 Gaio
1304 595 1542 648 Caesare
1580 605 1900 664 pronepote,
1930 597 2024 665 qui

1064 682 1147 733 At
1173 682 1445 744 Tiberius,
1475 700 1549 750 qu
1586 683 1621 734 d
1658 683 1927 750 supremis
1965 683 2023 736 in
2083 679 2098 741 J

282 778 514 822 matrem
542 769 735 821 officiis
763 768 1046 831 defuisset,
1076 767 1211 819 nihil
1247 776 1462 820 mutata
1494 785 1582 820 am
1622 769 1831 821 enitate
1859 769 2022 832 vitae,
2076 795 2079 797 >

282 856 717 924 magnitudinem
757 855 1104 923 negotiorum
1144 872 1242 922 per
1278 854 1495 907 litteras
1535 855 1831 918 excusavit,
1861 856 2026 907 hono·
2098 870 2102 890 ²

282 959 478 1011 resque
523 941 819 994 memoriae
864 941 982 993 eius
1028 942 1097 994 ab
1143 949 1340 993 senatu
1384 941 1536 1009 large
1577 942 1830 994 decretos
1870 942 2027 1010 quasi
2088 954 2093 1010 f

281 1046 379 1097 per
417 1028 743 1080 modestiam
783 1028 1076 1091 imminuit,
1117 1028 1307 1096 paucis
1346 1029 1643 1080 admodum
1685 1028 1923 1096 receptis
1969 1036 2026 1080 et

281 1116 467 1167 addito
518 1132 589 1166 ne
646 1115 903 1167 caelestis
966 1115 1161 1183 religio
1214 1115 1642 1168 decerneretur:
1705 1115 1785 1167 sic
1847 1115 2024 1183 ipsam
2097 1135 2102 1140 ·

638 1201 788 1269 Quin
834 1209 889 1253 et
934 1209 1092 1269 parte
1138 1201 1385 1253 eiusdem
1432 1201 1701 1269 epistulae
1752 1201 2026 1269 increpuit

282 1288 554 1340 amicitias
582 1288 893 1350 muliebreS,
927 1289 1147 1339 Fufium
1187 1286 1471 1340 consulem
1510 1287 1732 1356 oblique
1768 1287 2029 1358 perstrin-
2105 1294 2113 1301 ”

538 1375 594 1426 15
639 1374 817 1443 gratia
861 1374 1154 1443 Augustae
1199 1374 1475 1437 floruerat,
1516 1382 1679 1442 aptus
1723 1374 2028 1426 alliciendis

215 690 245 736 2
284 701 411 736 mox
436 700 618 735 rerum
645 682 855 750 potitus
883 690 981 734 est.

222 1226 246 1252 2
285 1201 556 1254 maluisse.

222 1399 246 1436 3
285 1393 437 1444 genS.

983 200 1242 241 TACITUS.

1535 509 1588 561 'u
1639 509 1854 562 irritum
1898 511 2018 564 fuit.

282 1462 612 1514 feminarum
639 1461 852 1524 animis,
882 1461 1040 1513 dicax
1066 1461 1210 1513 idem
1244 1468 1300 1512 et
1327 1461 1612 1513 Tiberium
1643 1461 1855 1513 acerbis
1886 1461 2030 1513 face·
2099 1456 2137 1537 ΪἾ

282 1548 375 1601 tiis
438 1548 663 1600 irridere
726 1548 936 1610 solitus,
1004 1565 1234 1616 quarum
1298 1548 1443 1616 apud
1506 1555 1896 1615 praepotentes
1971 1547 2029 1599 in

282 1634 507 1702 longum
536 1635 801 1686 memoria
828 1643 927 1687 est.

216 1728 247 1773 3
359 1721 619 1773 Ceterum
660 1738 727 1773 ex
765 1738 830 1773 eo
869 1729 1179 1795 praerupta*
1206 1721 1313 1773 iam
1352 1729 1409 1774 et
1447 1738 1652 1790 urgens
1692 1721 2026 1785 dominati03

338 1859 587 1911 impotens,
609 1859 846 1911 imperious.

235 1910 246 1946 l
338 1925 453 1952 uxor
481 1913 655 1953 facilis:
688 1914 763 1952 she
782 1914 816 1953 is
835 1914 925 1953 said
944 1919 988 1952 to
1007 1914 1113 1953 have

282 1967 450 2007 winked
487 1973 530 2007 at
566 1969 650 2007 and
694 1968 867 2007 assisted
907 1968 982 2007 her
1018 1968 1114 2007 hus·

260 2030 269 2039 ·
283 2022 429 2061 band’s
449 2022 738 2073 irregularities
757 2022 805 2062 of
826 2022 910 2062 life.

338 2089 447 2117 cum
486 2077 678 2125 artibus,
717 2082 818 2117 etc.:
868 2077 944 2117 her
982 2082 1115 2129 great-

284 2132 506 2183 grandson,
526 2131 653 2171 Gaius
678 2131 926 2184 (Caligula),
946 2133 1048 2172 used
1073 2137 1117 2171 to

285 2186 363 2225 call
409 2186 484 2225 her
521 2186 724 2237 “Ulysses
770 2187 815 2226 in
858 2187 1115 2239 petticoats”

284 2240 486 2293 (Ulyxem
505 2241 712 2289 stolatum,
733 2241 844 2281 Suet.
873 2242 957 2281 Cal.
980 2241 1070 2292 23).

340 2295 378 2336 6.
417 2296 619 2335 irritum:
661 2308 708 2335 so
747 2296 980 2344 Suetonius,
1027 2296 1116 2336 Tib.

287 2359 358 2404 515
398 2350 473 2390 her
501 2350 680 2401 legacies
707 2363 815 2389 were
845 2351 944 2403 paid
972 2351 1016 2390 in
1044 2350 1118 2390 full

285 2405 340 2456 by
358 2405 546 2457 Caligula
570 2405 704 2457 (Suet.
732 2405 818 2445 Cal.
844 2404 932 2457 16).

341 2471 494 2499 rerum
525 2460 703 2512 potitus
731 2467 827 2500 est:
860 2469 951 2500 A.D.
980 2470 1047 2512 37,
1075 2464 1119 2500 at

287 2513 359 2553 the
379 2514 504 2553 death
525 2514 572 2554 of
584 2514 785 2554 Tiberius.

342 2566 391 2611 2.
432 2569 684 2609 defuisset:
708 2575 784 2608 toto
799 2569 965 2621 quidem
984 2570 1117 2609 trien·

289 2624 373 2671 nio,
394 2637 472 2675 quo
499 2624 664 2663 vivente
691 2629 827 2663 matre
854 2625 981 2677 afuit,
1000 2624 1124 2663 semel

288 2679 460 2717 omnino
507 2692 611 2726 eam,
652 2692 726 2718 nec
767 2679 952 2730 amplius
989 2692 1117 2730 quam

289 2746 374 2772 uno
393 2733 471 2781 die,
482 2734 756 2785 paucissimis
774 2733 887 2772 vidit
899 2733 1016 2772 horis
1029 2746 1046 2772 .·
1070 2746 1120 2772 ac

289 2801 384 2827 mox
422 2801 552 2840 neque
589 2801 737 2840 aeg-rae
770 2788 903 2827 adesse
936 2789 1118 2836 curavit,

288 2842 617 2895 defunctamque,
637 2849 685 2891 et,
705 2843 805 2882 dum
830 2843 1034 2882 adventus
1051 2844 1120 2881 sui

288 2903 395 2948 spem
441 2898 567 2951 facit,
617 2898 899 2950 complurium
952 2898 1118 2936 dierum

289 2965 421 2999 mora,
460 2958 654 3004 corrupto
695 2953 861 2991 demum
907 2958 946 2991 et
985 2952 1120 2991 tabido

289 3012 454 3057 corpore
470 3007 726 3060 funeratam
747 3007 971 3059 prohibuit
991 3020 1119 3045 conse-

289 3061 421 3108 crari,
435 3062 558 3112 quasi
570 3061 622 3100 id
631 3062 720 3113 ip5a
735 3062 971 3100 mandasset
984 3060 1118 3113 (Suet.

298 3114 389 3154 Tib.
406 3114 496 3167 51).
541 3115 662 3156 Stahr
677 3128 846 3156 excuses
859 3116 941 3156 this
956 3115 1121 3167 neglect

1198 1872 1255 1898 on
1282 1859 1354 1899 the
1383 1858 1546 1910 ground
1574 1857 1622 1898 of
1644 1858 1796 1906 illness,
1817 1858 2032 1898 advaneed

1199 1926 1290 1964 age,
1323 1914 1407 1953 and
1443 1913 1576 1964 heavy
1609 1925 1754 1952 cares:
1801 1913 1945 1964 hardly
1978 1925 2032 1952 an
2107 1918 2123 1968 ξ

1199 1969 1403 2020 adequate
1423 1980 1581 2007 excuse.
2112 1968 2129 2019 f,

1254 2023 1471 2063 caelestis
1492 2022 1670 2073 religio,
1689 2022 1957 2076 deificatam·
1984 2034 2032 2061 so
2108 2031 2128 2071 ᾗ,

1203 2077 1436 2125 Suetonius,
1493 2077 1716 2130 prohibuit
1783 2077 2032 2116 consecrari.

1200 2132 1303 2171 This
1339 2132 1475 2171 honor
1507 2144 1592 2171 was
1629 2132 1730 2184 paid
1764 2131 1839 2172 her
1871 2132 1926 2183 by
1957 2132 2034 2170 her
2115 2155 2126 2185 3

1201 2187 1423 2238 grandson,
1443 2187 1515 2226 the
1535 2200 1725 2239 emperor
1744 2186 1953 2226 Claudius.

1258 2252 1295 2282 2.
1325 2242 1581 2281 amicitias:
1610 2254 1749 2280 omnes
1767 2242 1981 2280 amicitias
1998 2245 2037 2279 et
2118 2270 2123 2283 2

1199 2296 1543 2349 familiaritates,
1556 2297 1683 2335 etiam
1696 2296 1845 2348 quibus
1855 2309 1902 2335 ea
1907 2296 2035 2349 fitne·

1203 2352 1266 2390 ris
1282 2351 1353 2390 sui
1372 2364 1521 2390 curam
1551 2352 1734 2390 moriens
1761 2350 2033 2390 demandave·
2113 2362 2130 2403 2

1203 2411 1285 2453 rat,
1297 2406 1416 2444 intra
1428 2406 1546 2444 breve
1554 2411 1710 2458 tempus
1719 2406 1893 2458 afflixit
1898 2405 2032 2457 (Suet.
2110 2402 2129 2435 «Ϊ

1211 2461 1301 2500 Tib.
1323 2460 1414 2513 51).
1472 2460 1590 2500 Livia
1609 2474 1705 2508 was,
1725 2473 1781 2499 no
1809 2460 1951 2507 doubt,
1970 2472 2032 2499 ar-
2107 2505 2119 2515 ‚—

1202 2521 1350 2566 rogant
1378 2515 1463 2554 and
1491 2515 1692 2566 exacting,
1717 2515 1800 2554 and
1829 2515 1943 2554 often
1971 2514 2034 2553 in·
2107 2506 2137 2558 {3³

1202 2569 1380 2609 terfered
1409 2569 1646 2621 injuriously
1669 2570 1712 2609 in
1741 2570 1812 2609 the
1841 2568 2034 2608 adminis-
2100 2554 2137 2620 ξ

1202 2624 1354 2663 tration
1374 2624 1423 2663 of
1439 2624 1584 2664 affairs.
2115 2622 2138 2671 ’ᾖ

1256 2679 1522 2784 ῐῐὲιῗΙῙεῦῐεε,
1542 2692 1697 2731 among
1719 2692 1876 2718 women
1901 2677 1974 2730 (cf.
1999 2678 2034 2717 Ι.
2104 2673 2138 2747 ¹³}

1204 2743 1446 2828 33Fufium
1462 2789 1730 2828 consulem:
1751 2788 1835 2827 Dio
1853 2787 2034 2839 (LVIII.
2113 2766 2139 2839 Ἴ,

1202 2854 1230 2892 4
1237 2857 1249 2890 ;
1287 2855 1357 2882 see
1385 2855 1494 2894 page
1527 2843 1628 2895 345)
1661 2843 1753 2882 tells
1790 2855 1838 2881 us
1869 2842 1959 2881 that
1991 2838 2036 2879 in
2112 2849 2141 2900 j

1203 2907 1291 2936 ΑΛ).
1314 2907 1360 2948 31
1387 2897 1576 2936 Tiberius
1601 2903 1676 2950 put
1699 2903 1742 2936 to
1769 2897 1899 2936 death·
1925 2894 2036 2936 Γάιος
2108 2910 2138 2943 ,π

1206 2954 1370 3003 Ῥοῦφος
1400 2951 1865 3004 rensuum—probably
1893 2964 1918 2990 a
1947 2963 2035 2989 cor-

1205 3007 1355 3058 rupted
1374 3006 1480 3046 form
1500 3006 1548 3046 of
1562 3006 1643 3046 this
1663 3019 1797 3046 name.

1262 3071 1299 3111 3.
1329 3061 1508 3101 acerbis
1528 3061 1729 3100 facetiis:
1754 3059 1805 3099 cf.
1826 3060 1900 3099 IV.
1914 3070 1981 3109 42.
1998 3069 2034 3098 2.

1260 3113 1311 3158 3.
1352 3127 1409 3156 ex
1428 3127 1499 3163 eo,
1507 3116 1627 3170 from
1647 3115 1728 3154 this
1745 3115 1856 3155 time.

2108 3284 2158 3488 *ex-xmus:
2123 3231 2143 3270 .·’
2118 3184 2142 3214 25?
2123 3109 2143 3171 κά
2128 3057 2141 3070 ,ι
2121 3032 2136 3042 t
2139 2989 2141 3005 -
2139 2957 2141 2965 .
