2170 3488
154 209 238 251 324

179 1221 204 1257 6
245 1207 454 1259 Neroni
482 1215 615 1260 erat.

155 1473 216 1518 61

155 2185 219 2230 62

948 195 1204 251 TACITUS.

1731 210 1884 263 [Boon
1910 211 1986 253 IV.

240 347 518 398 stentibus
570 354 762 401 contra
813 346 1278 414 irridentibusque
1337 346 1430 414 qui
1486 346 1688 399 Seiano
1740 347 1986 400 fautores

179 456 203 493 3
243 433 484 485 aderant.

555 433 853 484 Enimvero
880 433 1136 484 Tiberius
1163 440 1357 484 torvus
1383 439 1478 484 aut
1505 433 1704 484 falsum
1727 434 1985 485 renidens

239 519 396 570 vultu
415 535 428 583 ;
480 536 578 570 seu
622 518 938 586 loqueretur
982 535 1080 570 seu
1132 526 1342 570 taceret
1393 518 1624 581 iuveniS,
1672 519 1880 571 crimen
1919 537 1987 571 ex

178 629 205 665 4
243 604 479 667 silenti0‚
522 621 589 656 ex
625 621 773 656 voce.

874 605 961 655 Ne
1000 621 1109 655 nox
1149 604 1368 672 quidem
1424 622 1631 667 secura,
1673 622 1799 657 cum
1852 622 1987 657 uxor

239 690 454 758 vigilias
494 708 718 742 somnos
758 690 994 757 suspiria
1032 691 1195 742 matri
1236 691 1428 742 Liviae
1466 699 1632 759 atque
1665 691 1756 742 illa
1782 690 1986 744 Seiano

240 777 577 844 patefaceret
599 794 611 840 ;
650 777 743 845 qui
769 777 997 828 fratrem
1024 793 1243 845 quoque
1270 777 1511 829 Neronis
1540 778 1785 829 Drusum
1820 778 1986 830 traxit

240 864 296 914 in
323 871 524 930 partes,
556 880 654 930 spe
680 863 899 915 obiecta
924 863 1191 930 principis
1218 863 1339 925 loci,
1371 863 1416 915 si
1443 864 1680 931 priorem
1707 872 1892 916 aetate
1931 872 1986 916 et

179 971 203 1010 5
243 949 350 1001 iam
403 938 739 1002 labefactum
791 949 1144 1002 demovisset.

1248 949 1430 1001 Atrox
1481 950 1652 1002 Drusi
1703 950 1986 1018 ingenium

243 1052 409 1102 super
446 1035 760 1102 cupidinem
799 1036 1082 1102 potentiae
1122 1044 1179 1087 et
1218 1036 1382 1088 solita
1420 1037 1682 1088 fratribus
1733 1036 1857 1089 odia
1905 1054 1989 1089 ac-

240 1122 579 1173 cendebatur
629 1121 847 1186 invidia,
902 1123 1048 1190 quod
1099 1131 1276 1173 mater
1325 1122 1636 1190 Agrippina
1685 1123 1990 1190 promptior

684 1209 882 1276 Neque
909 1216 1096 1260 tamen
1122 1208 1357 1261 Seianus
1385 1209 1462 1260 ita
1489 1210 1734 1261 Drusum
1761 1210 1987 1261 fovebat

241 1302 302 1345 ut
341 1311 452 1345 non
492 1294 549 1345 in
577 1311 702 1346 eum
743 1312 962 1362 quoque
995 1295 1207 1347 semina
1233 1295 1404 1346 futuri
1431 1295 1583 1347 exitii
1610 1296 1984 1357 meditaretur,

240 1398 446 1448 gnarus
473 1381 847 1448 praeferocem
877 1389 931 1433 et
959 1381 1173 1433 insidiis
1201 1382 1378 1449 magis
1407 1390 1792 1449 opportunum.
1936 1368 1941 1374 ³

314 1467 454 1518 Fine
499 1467 630 1518 anni
674 1484 961 1519 excessere
1007 1468 1254 1536 insignes
1300 1468 1402 1519 viri
1446 1468 1679 1520 Asinius
1721 1468 1985 1536 Agrippa,

241 1553 400 1605 claris
437 1554 736 1606 maioribus
776 1572 940 1622 quam
967 1554 1205 1606 vetustis
1231 1555 1454 1622 vitaque
1494 1572 1605 1606 non
1644 1556 1901 1623 degener,
1932 1563 1987 1606 et

243 1640 310 1708 Q.
344 1640 624 1702 HateriUS,
654 1640 863 1692 familia
901 1641 1191 1703 senatoria,
1222 1641 1585 1709 eloquentiae,
1617 1642 1796 1709 quoad
1834 1642 1984 1703 vixit,
2037 1697 2041 1700 ,

241 1726 580 1790 celebratae3
619 1735 980 1778 monumenta
1017 1727 1226 1795 ingenii
1266 1727 1383 1779 eius
1423 1728 1569 1779 haud
1596 1728 1824 1795 perinde
1863 1727 1989 1779 reti-

181 1836 204 1861 2
243 1820 457 1865 nentur.
521 1813 745 1866 Scilicet
768 1814 978 1881 impetu
999 1814 1175 1885 magis
1198 1832 1361 1881 quam
1384 1831 1515 1866 cura
1534 1814 1785 1882 vigebat3
1818 1822 1988 1881 utque

240 1899 469 1951 aliorum
521 1900 807 1951 meditatio
859 1908 914 1951 et
965 1900 1119 1952 labor
1168 1900 1224 1951 in
1275 1908 1559 1968 posterum
1609 1900 1854 1962 valescit,
1908 1900 1987 1952 sic

243 1985 462 2037 Haterii
498 2003 759 2038 canorum
800 1986 934 2038 illud
974 1994 1029 2038 et
1066 1987 1348 2054 profluens
1389 2004 1514 2039 cum
1553 1987 1674 2054 ipso
1713 1986 1876 2049 simul
1902 2004 1989 2038 ex-

241 2071 507 2123 stinctum
538 2080 636 2125 est.

315 2181 387 2232 M.
424 2181 638 2233 Licinio
681 2182 742 2234 L.
775 2182 1074 2249 Calpurnio
1115 2182 1434 2234 consulibus
1473 2182 1784 2250 ingentium
1822 2181 1988 2234 bello-

241 2283 360 2318 rum
401 2267 612 2319 cladem
651 2268 904 2336 aequavit
944 2268 1148 2320 malum
1189 2269 1582 2336 improvisum:
1622 2269 1739 2320 eius
1767 2268 1985 2320 initium

294 2404 614 2446 irridentibus:
654 2406 717 2446 i.e.
749 2412 792 2446 at
824 2407 895 2446 the
930 2420 1070 2446 occur-

239 2471 363 2498 rence
378 2458 462 2510 just
482 2461 623 2500 noted.

295 2524 332 2564 3.
363 2514 536 2553 falsum
558 2516 792 2563 renidens,
808 2517 1030 2568 assuming
1042 2530 1070 2555 a

237 2569 416 2620 smiling
431 2575 722 2609 countenance.

292 2634 332 2673 4.
362 2634 498 2662 uxor:
531 2623 652 2675 Julia,
673 2625 877 2675 daughter
897 2625 945 2664 of
963 2626 1070 2664 Dru·

238 2689 307 2716 sus
331 2676 422 2730 (see
444 2678 525 2717 111.
547 2689 612 2728 29.
631 2677 697 2730 4).
757 2679 840 2718 She
870 2681 972 2718 does
997 2686 1071 2719 not

238 2744 393 2784 appear
412 2738 456 2771 to
479 2733 585 2771 have
604 2733 714 2772 been
732 2733 775 2772 in
795 2734 866 2772 the
888 2735 1070 2786 conspir-

239 2799 326 2837 acy,
342 2787 416 2826 but
434 2788 633 2839 betrayed
652 2788 726 2827 her
741 2788 933 2828 husband
952 2788 1071 2827 unin-

239 2841 492 2893 tentionally.

295 2905 332 2948 5.
366 2896 504 2936 solita
524 2927 534 2937 .
557 2928 566 2938 .
587 2927 597 2938 .
618 2898 748 2938 odia:
781 2898 930 2946 which,
949 2897 1072 2936 when

238 2948 271 2988 it
290 2950 423 2998 exists,
444 2952 477 2990 is
495 2966 593 3003 very
611 2953 748 2992 bitter.

294 3007 563 3057 promptior,
584 3021 696 3046 more
711 3007 943 3060 favorable.

294 3057 376 3102 61.
412 3061 642 3112 Agrippa:
674 3074 755 3100 one
771 3061 818 3101 of
831 3062 903 3101 the
919 3074 1071 3113 epony-

239 3125 359 3153 mous
373 3114 536 3156 consuls
551 3114 599 3156 of
612 3115 684 3157 the
697 3128 795 3168 year
834 3127 857 3156 2
863 3127 886 3170 5
909 3116 992 3169 (34.
1011 3116 1065 3168 1).

1210 2407 1347 2447 claris
1395 2419 1537 2459 quam
1585 2407 1800 2455 vetustis,
1838 2407 1987 2446 distin-

1148 2462 1334 2513 guished,
1348 2462 1420 2501 but
1433 2468 1505 2501 not
1516 2463 1690 2501 ancient
1701 2462 1826 2514 (Intr.
1840 2471 1889 2514 35
1905 2461 1986 2514 m).

1157 2516 1238 2555 His
1260 2517 1561 2567 grandfathers,
1583 2516 1715 2555 Pollio
1735 2517 1819 2556 and
1837 2516 1986 2568 Agrip-

1155 2583 1221 2622 pa,
1247 2584 1355 2610 were
1385 2583 1539 2621 among
1566 2571 1637 2610 the
1666 2576 1773 2609 most
1804 2571 1987 2610 eminent

1155 2638 1252 2664 men
1285 2625 1334 2664 of
1360 2626 1584 2676 Augustus'
1618 2625 1748 2676 reign,
1777 2626 1851 2665 but
1878 2638 1986 2665 were

1155 2680 1258 2719 both
1278 2680 1326 2719 of
1340 2680 1420 2719 low
1441 2680 1561 2720 birth.

1212 2735 1460 2775 Haterius:
1493 2747 1563 2774 see
1584 2735 1618 2774 I.
1644 2745 1704 2785 13.
1723 2747 1763 2784 4.

1210 2790 1338 2829 haud
1371 2790 1561 2842 perinde
1596 2790 1874 2829 retinentur:
1922 2789 1986 2829 zze.

1156 2856 1200 2883 as
1220 2846 1416 2884 standard
1435 2846 1583 2884 works.

1212 2909 1249 2938 2.
1284 2900 1411 2947 illud,
1446 2900 1535 2939 that
1563 2899 1825 2939 well-known
1857 2899 1954 2949 style
1967 2912 1986 2943 ,⁰

1157 2953 1208 2992 cf.
1230 2954 1314 2993 Cic.
1335 2955 1383 2993 de
1417 2956 1488 2995 Or.
1510 2956 1591 2995 ΙΙΙ.
1616 2966 1650 3007 7.
1673 2954 1743 3003 28;
1771 2955 1987 3006 profluens

1157 3009 1357 3059 quiddam
1376 3010 1526 3048 habuit
1549 3010 1680 3049 Carbo
1699 3016 1738 3048 et
1754 3022 1972 3048 canorum.

1210 3061 1294 3106 62.
1335 3065 1400 3103 Μ.
1432 3064 1628 3111 Licinio,
1658 3070 1760 3103 etc.:
1804 3063 1987 3103 Licinius

1157 3116 1191 3156 is
1203 3118 1414 3170 supposed
1425 3122 1468 3157 to
1481 3118 1586 3157 have
1598 3118 1707 3158 been
1720 3118 1791 3160 the
1803 3129 1987 3169 younger
