2170 3488
179 223 262 267 208
967 223 1224 264 TAcrrus.
1739 222 1895 278 [Boox
1926 225 2007 266 111.

263 378 437 415 noxae
463 378 570 424 re0,
601 360 647 414 si
673 360 919 414 recentia
944 366 1221 428 purgaret,
1249 374 1430 429 neque
1462 359 1754 413 defensum
1793 362 2004 417 absolu-

203 474 226 510 3
266 449 405 501 tioni
443 455 576 510 erat,
618 447 664 500 si
701 454 988 499 teneretur
1014 445 1310 498 maioribus
1351 445 1588 515 flagitiis
1670 447 1799 499 Post
1839 466 2002 517 quem

265 536 535 589 Servaeus
578 541 633 586 et
671 533 947 586 Veranius
993 539 1048 584 et
1086 531 1346 584 Vitellius
1393 532 1663 585 consimili
1711 535 1909 599 studio,
1949 547 2005 591 et

263 622 437 675 multa
474 620 789 689 eloquentia
825 618 1101 681 Vitellius,
1139 619 1390 672 obiecere
1428 619 1552 671 odio
1594 619 1910 676 Germanici
1949 633 2005 677 et

263 726 444 761 rerum
483 724 747 760 novarum
787 706 970 759 studio
1011 706 1266 758 Pisonem
1305 706 1503 775 vulgus
1543 708 1781 761 militum
1820 727 1919 778 per
1950 711 2007 763 li-

262 796 500 849 centiam
551 802 607 846 et
659 793 933 847 sociorum
984 793 1209 846 iniurias
1261 810 1326 846 eo
1377 811 1552 863 usque
1599 797 1906 864 corrupisse
1944 806 2018 861 ut⁴

261 899 460 950 parens
504 881 784 949 legionum
823 897 856 932 a
892 880 1203 933 deterrimis
1254 881 1654 949 appellaretur;
1707 879 1899 936 c'ontra
1948 884 2005 936 in

263 969 530 1036 optimum
570 983 860 1035 quemque,
902 967 1138 1019 maxime
1177 967 1235 1019 in
1274 969 1506 1021 comites
1545 977 1602 1021 et
1641 970 1847 1022 amicos
1875 970 2007 1023 Ger-

261 1055 461 1107 manici
489 1054 730 1107 saevisse
750 1071 762 1117 ;
802 1062 1083 1121 postremo
1104 1054 1285 1122 ipsum
1307 1055 1691 1108 devotionibus
1713 1065 1768 1109 et
1789 1074 2005 1109 veneno

261 1141 592 1210 peremisse;
632 1157 786 1193 sacra
817 1140 947 1193 hinc
985 1148 1041 1192 et
1080 1141 1485 1195 immolationes
1524 1143 1792 1196 nefandas
1832 1144 2005 1212 ipsius

260 1236 426 1297 atque
471 1228 783 1290 Plancinae,
831 1227 1063 1295 petitam
1109 1227 1276 1280 armis
1326 1245 1442 1280 rem
1494 1229 1784 1296 publicam,
1834 1238 2006 1299 utque

260 1332 384 1367 reus
411 1314 501 1383 agi
527 1321 732 1382 posset,
763 1314 880 1366 acie
906 1314 1127 1366 victum.
1937 1376 1942 1382 .

178 1407 238 1452 14
332 1401 599 1454 Defensio
639 1401 696 1452 in
739 1400 938 1454 ceteris
979 1400 1306 1468 trepidavit3
1358 1418 1486 1454 nam
1532 1418 1713 1470 neque
1757 1404 2006 1456 ambitio-

260 1505 387 1539 nem
414 1487 706 1540 militarem
735 1504 915 1556 neque
942 1487 1279 1554 provinciam
1306 1488 1548 1555 pessimo
1576 1489 1773 1556 cuique
1803 1490 2006 1542 obnox-

261 1577 383 1640 iam,
417 1594 487 1629 ne
522 1577 888 1630 contumelias
924 1577 1144 1645 quidem
1180 1577 1470 1629 adversum
1502 1577 1890 1646 imperatorem
1929 1579 2006 1631 in-

200 1688 224 1713 2
263 1664 426 1715 fitiari
452 1671 667 1731 poterat
688 1680 701 1727 ;
741 1663 917 1716 solum
956 1663 1156 1715 veneni
1195 1663 1404 1715 crimen
1443 1664 1594 1716 visus
1634 1673 1719 1717 est
1759 1665 2002 1729 diluisse,
2036 1706 2039 1709 -

260 1751 407 1818 quod
435 1767 506 1803 ne
532 1758 883 1803 accusatores
911 1749 1133 1818 quidem
1162 1750 1297 1802 satis
1324 1751 1631 1813 firmabant,
1662 1751 1719 1802 in
1751 1752 2005 1805 convivio

262 1837 593 1899 Germanici,
636 1854 761 1889 cum
802 1854 967 1904 super
1004 1853 1130 1888 eum
1172 1836 1295 1889 Piso
1335 1837 1722 1900 discumberet,
1765 1838 2003 1891 infectos

200 1947 224 1984 3
263 1924 516 1976 manibus
543 1923 662 1975 eius
690 1924 842 1976 cibos
875 1930 1188 1991 arguentes
1270 1923 1492 1992 Quippe
1531 1925 1831 1976 absurdum
1859 1925 2005 1978 vide-

261 2013 422 2064 batur
459 2013 605 2064 inter
641 2013 820 2065 aliena
858 2013 1081 2065 servitia
1118 2020 1174 2064 et
1212 2020 1297 2065 tot
1335 2013 1677 2065 adstantium
1714 2014 1852 2076 viSU,
1883 2015 2003 2082 ipso

263 2099 593 2152 Germanico
614 2116 812 2161 coram,
836 2099 889 2150 id
917 2116 1144 2163 ausum;
1179 2099 1558 2167 offerebatque
1583 2100 1847 2166 familiam
1875 2118 2002 2153 reus

199 2213 225 2248 4
263 2196 317 2240 et
362 2189 645 2241 ministros
689 2188 745 2240 in
789 2196 1070 2240 tormenta
1114 2188 1414 2256 flagitabat.
1496 2189 1608 2242 Sed
1652 2190 1861 2243 iudices
1906 2208 2005 2258 per

314 2381 352 2424 3.
393 2384 477 2425 per
503 2372 754 2419 licentiam,
784 2376 885 2411 etc.:
931 2378 1002 2411 see
1031 2371 1090 2435 Il.
1167 2370 1288 2424 place
1318 2371 1366 2410 of
1388 2371 1523 2411 honor
1542 2378 1584 2411 at
1604 2385 1628 2412 a
1647 2373 1830 2426 banquet
1850 2374 1912 2413 for
1931 2374 2003 2414 the

258 2437 325 2481 55.
343 2439 383 2476 4.
1168 2431 1277 2465 most
1306 2426 1607 2477 distinguished
1635 2434 1755 2478 guest
1780 2442 1864 2468 was
1894 2430 2005 2468 imus
2084 2435 2086 2438 ’
2127 2423 2130 2429 ⁴

314 2481 678 2522 devotionibus:
725 2481 784 2520 ΙΙ.
823 2480 888 2530 69.
929 2490 950 2533 5
969 2495 981 2528 ;
1028 2480 1091 2520 for
1169 2481 1220 2519 in
1249 2481 1380 2519 medio
1408 2482 1515 2528 lecto,
1543 2482 1665 2520 while
1701 2483 1771 2521 the
1810 2483 1903 2522 host
1941 2497 2003 2522 re·

256 2548 391 2576 sacra
410 2536 494 2575 and
514 2535 878 2582 immolationes,
895 2535 954 2574 ΙΙ.
972 2544 1035 2587 75.
1053 2545 1089 2585 3.
1169 2535 1308 2574 clined
1330 2549 1519 2574 summus
1547 2536 1596 2574 in
1621 2537 1704 2575 imo
1733 2538 1838 2576 lecto.
1896 2538 2002 2585 Piso,
2096 2547 2108 2553 ²
2127 2556 2130 2567 1

312 2602 520 2630 veneno:
566 2589 756 2628 Vitellius
803 2590 958 2640 argued
1005 2603 1091 2628 non
1169 2589 1391 2636 therefore,
1444 2590 1678 2642 occupying
1730 2592 1800 2630 the
1853 2592 2004 2631 former

248 2646 430 2698 potuisse
448 2645 493 2684 ob
512 2657 720 2684 venenum
742 2657 811 2682 cor
843 2644 1092 2683 Germanici
1168 2644 1301 2696 place,
1325 2657 1409 2683 was
1439 2644 1573 2696 partly
1601 2645 1759 2685 behind
1790 2646 2003 2686 Germani-

265 2701 456 2741 Caesaris
483 2699 670 2739 cremari
702 2698 829 2748 (Plin.
858 2699 912 2738 N.
935 2699 992 2738 H.
1013 2699 1090 2738 XI.
1169 2711 1252 2746 cus,
1273 2699 1410 2738 where
1430 2699 1494 2738 his
1518 2706 1776 2740 movements
1798 2701 1931 2753 might
1950 2701 2003 2740 be

263 2755 378 2808 187).
1169 2754 1428 2795 unobserved
1451 2755 1506 2806 by
1526 2755 1625 2794 him.

313 2811 412 2851 acie
432 2811 633 2851 victum:
664 2811 722 2850 11.
744 2809 809 2850 81.
828 2822 867 2859 4.
1224 2821 1262 2860 3.
1292 2812 1514 2851 offerebat
1543 2843 1552 2851 .
1582 2842 1591 2852 .
1623 2842 1632 2851 .
1658 2812 1918 2863 flagitabat:
1947 2810 2002 2850 he

314 2864 396 2908 14.
455 2866 504 2905 in
546 2866 736 2906 ceteris:
785 2864 1005 2917 explained
1037 2864 1092 2916 by
1169 2865 1323 2905 offered
1361 2866 1432 2905 the
1470 2867 1691 2917 testimony
1724 2866 1771 2905 os
1809 2866 1872 2904 his
1909 2878 2003 2904 own

259 2921 416 2960 solum
445 2921 618 2961 veneni
645 2921 834 2960 crimen.
1168 2919 1301 2959 slaves
1331 2920 1621 2971 (familiam),
1649 2922 1733 2960 and
1767 2921 2004 2960 demanded

313 2976 572 3027 trepidavit,
592 2988 678 3014 was
696 2974 823 3014 weak.
1168 2974 1258 3013 that
1283 2974 1330 3013 of
1354 2975 1425 3014 the
1447 2976 1684 3015 attendants
1709 2974 1999 3027 (ministros)

314 3030 580 3077 obnoxiam,
591 3029 803 3082 exposedto
814 3042 833 3074 ‚·
848 3028 902 3068 he
916 3027 1092 3068 allowed
1169 3028 1333 3079 serving
1356 3034 1398 3068 at
1417 3029 1488 3068 the
1509 3029 1621 3069 time.

258 3083 315 3129 all
333 3096 506 3122 manner
526 3083 574 3122 os
596 3084 765 3123 license.
1227 3094 1266 3131 4.
1297 3084 1405 3122 sed:
1446 3083 1647 3134 although
1676 3084 1749 3123 the
1778 3084 1930 3135 charge
1960 3082 2008 3124 of

312 3148 353 3187 Δ2.
377 3149 641 3191 supereum
658 3138 996 3178 discumberet:
1022 3136 1094 3177 the
1173 3137 1395 3189 poisoning
1414 3137 1485 3176 fell
1505 3138 1696 3188 through.

2067 3327 2106 3488 Ξ
