2170 3488
157 233 236 274 332
947 231 1202 271 TACITUS.
1730 232 1884 286 [Boox
1911 233 1987 274 IV.

241 368 484 422 astrictis
522 367 777 420 faucibus
804 366 907 419 niti
945 374 1162 434 poterat
1191 366 1481 420 clamitans
1514 368 1594 421 sic
1623 368 1870 421 incohari
1900 386 1992 421 an-

180 480 204 517 3
243 473 392 517 num,
445 455 545 507 has
599 454 801 507 Seiano
852 453 1108 506 victimas
1161 454 1371 506 cadere.
1477 455 1605 523 Quo
1656 455 1989 508 intendisset

241 542 445 605 ocuIOS,
465 558 573 610 quo
599 541 769 592 verba
795 540 1126 602 acciderent,
1149 540 1284 608 suga
1309 540 1558 603 vastitaS,
1581 541 1763 594 deseri
1789 542 1991 595 itinera

179 654 204 690 4
242 629 375 681 fora.
456 629 531 680 Et
558 627 781 695 quidam
809 626 1265 694 regrediebantur
1292 628 1760 696 ostentabantque
1793 645 1853 681 se
1879 646 1991 680 rur·

179 738 203 778 5
244 734 381 779 sum,
411 715 467 767 id
498 715 677 783 ipsum
711 722 979 782 paventes
1019 715 1167 782 quod
1205 714 1538 768 timuissent.
1618 715 1800 783 Quem
1840 715 1988 767 enim

241 804 386 855 diem
425 819 660 855 vacuum
701 818 893 869 poena,
923 801 1019 853 ubi
1058 801 1206 853 inter
1244 818 1399 854 sacra
1436 809 1492 854 et
1529 809 1673 865 vota,
1708 819 1816 870 quo
1855 810 1990 854 tem-

239 907 372 958 pore
398 889 580 941 verbis
608 888 774 940 etiam
802 888 1049 955 profanis
1076 889 1343 940 abstineri
1371 905 1490 941 mos
1530 897 1696 952 esset,
1724 889 1906 941 vincla
1932 896 1987 941 et

179 991 204 1027 6
242 977 469 1045 laqueus
497 975 868 1027 inducantur?
945 975 1082 1026 Non*
1116 975 1526 1043 imprudentem
1553 976 1840 1028 Tiberium
1873 984 1990 1028 tan-

240 1071 355 1115 tam
393 1061 651 1114 invidiam
693 1061 891 1123 adisse,
934 1062 1033 1113 sed
1073 1062 1383 1130 quaesitum
1424 1063 1876 1131 meditatumque,
1917 1078 1989 1114 ne

240 1149 372 1218 quid
421 1148 689 1216 impedire
741 1148 999 1200 credatur
1042 1165 1150 1216 quo
1202 1148 1385 1201 minus
1430 1149 1559 1201 novi
1611 1149 1984 1217 magistratuS,

240 1253 350 1305 quo
393 1235 556 1287 modo
602 1234 831 1286 delubra
874 1241 930 1286 et
975 1233 1182 1297 altaria,
1231 1235 1311 1287 sic
1362 1252 1637 1288 carcerem
1682 1235 1983 1288 recludant.

178 1348 203 1383 7
246 1323 484 1375 Secutae
522 1321 750 1388 insuper
774 1320 996 1372 litterae
1033 1329 1221 1389 grates
1261 1322 1493 1390 agentis,
1523 1322 1669 1389 quod
1707 1322 1987 1380 hominem

240 1409 522 1461 infensum
549 1407 627 1459 rei
653 1407 909 1475 publicae
935 1407 1299 1475 punivissent,
1329 1408 1545 1460 adiecto
1571 1408 1842 1476 trepidam
1883 1408 1987 1460 sibi

239 1496 426 1558 vitam,
469 1502 758 1562 suspectas
798 1494 1145 1546 inimicorum
1184 1495 1428 1556 insidiaS,
1470 1494 1621 1547 nullo
1659 1495 1986 1547 nominatim

241 1582 602 1650 compellato;
654 1597 834 1649 neque
878 1588 1067 1633 tamen
1112 1582 1470 1634 dubitabatur
1506 1581 1564 1633 in
1611 1582 1893 1634 Neronem
1931 1589 1987 1634 et

241 1669 612 1737 Agrippinam
639 1667 869 1720 intendi.

159 1763 216 1808 71
312 1755 388 1807 Ni
415 1754 550 1806 mihi
576 1754 920 1806 destinatum
945 1754 1091 1806 foret
1118 1771 1278 1806 suum
1307 1771 1557 1823 quaeque
1588 1755 1644 1806 in
1676 1772 1883 1807 annum
1910 1771 1990 1807 re-

239 1842 401 1905 ferre,
430 1842 627 1893 avebat
655 1841 871 1893 animus
898 1841 1078 1893 antire
1109 1841 1409 1909 statimque
1447 1858 1752 1894 memorare
1789 1841 1984 1903 exituS,

241 1946 378 1997 quos
408 1927 662 1979 Latinius
689 1935 855 1995 atque
884 1927 1092 1995 Opsius
1119 1927 1400 1996 ceterique
1432 1927 1628 1996 flagitii
1661 1928 1779 1980 eius
1811 1945 1988 1995 reper-

239 2023 390 2067 tores
421 2015 678 2076 habuere,
708 2031 821 2066 non
852 2015 1016 2066 modo
1046 2020 1341 2082 postquam
1375 2014 1546 2067 Gaius
1576 2014 1781 2067 Caesar
1805 2031 1985 2066 rerum

240 2101 451 2169 potitus
479 2108 579 2163 est,
610 2101 708 2152 sed
735 2100 999 2152 incolumi
1025 2101 1264 2163 Tiberio,
1287 2100 1382 2168 qui
1409 2100 1677 2153 scelerum
1704 2101 1987 2153 ministros

242 2195 303 2239 ut
341 2187 584 2255 perverti
621 2187 692 2238 ab
730 2186 851 2238 aliis
890 2187 1130 2250 nolebat,
1173 2187 1251 2239 ita
1287 2187 1614 2255 plerumque
1654 2187 1886 2239 satiatus
1932 2195 1987 2239 et

241 2273 441 2326 oblatis
480 2273 537 2324 in
577 2274 809 2325 eandem
855 2290 1078 2341 operam
1118 2274 1438 2326 recentibus
1475 2281 1693 2326 veteres
1739 2281 1795 2325 et
1839 2290 1990 2341 prae-

239 2435 381 2487 guilty,
407 2434 483 2474 but
510 2433 583 2473 the
611 2446 784 2474 manner
813 2433 861 2473 of
883 2433 949 2474 his
978 2447 1076 2473 con·
1212 2444 1248 2486 7.
1279 2435 1486 2476 adiecto:
1519 2436 1623 2475 Intr.
1647 2445 1698 2488 35
1719 2449 1760 2484 03
1796 2435 1879 2474 this
1896 2448 1989 2487 par·

238 2490 394 2529 viction
422 2489 558 2528 shows
586 2489 681 2527 how
700 2489 762 2528 far
779 2489 968 2528 Tiberius
991 2489 1077 2529 had
1155 2489 1296 2542 ticiple
1315 2490 1349 2529 is
1369 2490 1467 2529 here
1488 2490 1586 2542 only
1605 2491 1706 2530 used
1725 2490 1769 2529 in
1789 2490 1870 2529 this
1887 2503 1987 2540 way.

240 2545 367 2584 fallen
399 2544 506 2583 from
539 2543 604 2583 his
632 2543 777 2583 earlier
806 2545 1004 2583 standard
1033 2543 1082 2583 of
1210 2545 1259 2584 in
1291 2545 1553 2584 Neronem:
1588 2558 1658 2584 see
1687 2545 1759 2584 the
1783 2545 1919 2584 words
1946 2543 1993 2583 of

234 2598 396 2651 justice.
1155 2599 1273 2650 Pliny
1292 2599 1335 2638 in
1355 2600 1426 2638 the
1448 2605 1546 2638 note
1571 2600 1716 2639 above.

295 2654 480 2701 Seiano,
495 2658 596 2693 etc.:
620 2665 666 2692 as
685 2652 721 2691 if
734 2652 788 2692 he
803 2665 911 2692 were
932 2666 958 2692 a
976 2654 1074 2704 god.
1210 2654 1412 2694 intendi:
1445 2667 1515 2693 see
1536 2655 1593 2693 II.
1615 2654 1679 2704 36.
1702 2664 1727 2693 2
1746 2667 1788 2693 n.

292 2721 332 2758 4.
361 2709 488 2759 quod
515 2708 810 2748 timuissent:
853 2708 944 2746 that
977 2708 1077 2759 they
1212 2707 1293 2751 71.
1330 2709 1531 2760 perverti
1552 2709 1610 2748 ab
1631 2709 1759 2748 aliis:
1790 2708 1853 2748 for
1871 2709 1989 2748 Tibe-

237 2763 324 2803 had
343 2763 554 2802 exhibited
574 2768 702 2802 terror
722 2762 857 2814 might
877 2762 990 2801 itself
1009 2775 1074 2802 ex·
1154 2763 1248 2802 rius’
1280 2764 1455 2803 desence
1491 2763 1539 2802 of
1567 2764 1638 2803 the
1674 2764 1854 2803 delators
1886 2776 1931 2803 as
1964 2777 1988 2802 a

239 2819 319 2858 cite
339 2818 561 2870 suspicion.
1155 2818 1259 2858 class
1292 2831 1509 2870 necessary
1537 2818 1601 2857 for
1634 2819 1705 2858 the
1738 2818 1913 2870 security
1945 2818 1990 2857 of

296 2882 333 2926 5.
360 2885 503 2924 quem
517 2873 656 2920 diem,
668 2877 769 2912 etc.:
791 2872 843 2911 cf.
857 2872 968 2912 Suet.
984 2872 1074 2912 Tib.
1149 2872 1310 2924 justice,
1330 2886 1400 2913 see
1422 2884 1487 2925 30.
1506 2885 1546 2923 4„
1567 2874 1651 2913 and
1671 2874 1772 2912 Intr.
1798 2873 1859 2912 16.

240 2927 307 2975 61,
320 2928 465 2967 nullus
479 2941 506 2966 a
514 2934 652 2980 poena
667 2927 891 2967 hominum
906 2928 1080 2967 cessavit
1209 2929 1498 2968 recentibus:
1522 2941 1573 2968 sc,
1589 2928 1819 2967 ministris
1828 2942 1839 2975 ;
1865 2927 1988 2966 when

239 2982 340 3030 dies,
360 2996 413 3022 ne
431 2983 648 3035 religiosus
667 2982 835 3035 quidem
855 2995 905 3020 ac
921 2995 1049 3022 sacer.
1153 2981 1207 3021 he
1236 2983 1321 3022 had
1350 2983 1480 3022 found
1509 2996 1602 3022 new
1629 2983 1907 3030 instruments,
1933 2982 1988 3021 he

294 3036 334 3078 6.
353 3037 611 3078 recludant:
634 3050 679 3077 as
694 3037 765 3077 the
780 3036 955 3090 temples
966 3049 1074 3076 were
1152 3037 1283 3077 threw
1302 3050 1417 3089 away
1434 3038 1507 3078 the
1526 3037 1609 3078 old.

240 3093 406 3144 opened
437 3091 500 3131 for
527 3092 720 3144 worship,
749 3104 796 3131 so
829 3092 901 3131 the
933 3091 1076 3144 prison
1208 3104 1513 3145 praegraves:
1556 3105 1612 3132 on
1640 3095 1818 3132 account
1845 3090 1894 3131 of
1915 3090 1986 3132 the

239 3159 324 3187 was
343 3147 509 3200 opened
527 3151 571 3187 to
591 3146 750 3188 receive
770 3145 944 3187 victims.
1153 3159 1273 3188 sense
1293 3147 1341 3188 of
1365 3146 1606 3199 obligation.

2080 3174 2113 3251 a}

2081 3249 2113 3300 βε
