2170 3488
77 255 94 265 Χ
141 249 252 290 A.D.
273 248 362 302 35]
696 285 698 287 ,
938 248 1184 289 ANNALS.
1890 245 1968 287 391

142 401 333 437 manes
363 384 702 453 Orodesque,
726 386 857 437 dum
885 385 1127 437 strenuis
1155 386 1357 437 adsunt
1383 393 1478 437 aut
1506 386 1887 440 dubitantibus

143 471 493 534 subveniunt,
535 471 820 539 conspicui
859 488 1034 539 eoque
1072 471 1244 540 gnari,
1286 471 1523 524 clamore
1561 473 1686 524 telis
1733 475 1887 541 equis

143 566 491 620 concurrunt,
540 558 840 610 instantius
889 559 1322 622 Pharasmanes;
1372 575 1501 609 nam
1545 559 1744 610 vulnus
1790 576 1890 627 per

141 644 355 713 galeam
400 645 600 712 adegit.
680 646 733 696 N
738 662 800 696 ec
848 645 1047 696 iterare
1088 644 1275 707 valuit,
1319 644 1597 712 praelatus
1643 662 1783 713 equo
1829 653 1886 697 et
1926 668 1950 707 5

142 731 459 783 fortissimis
526 731 826 783 satellitum
892 731 1314 799 protegentibus
1381 731 1660 795 saucium;
1740 732 1890 784 fama

82 843 85 846 <
141 825 328 870 tamen
356 818 524 870 occisi
549 818 691 870 falso
719 818 926 870 credita
952 818 1214 869 exterruit
1244 818 1476 869 Parthos
1492 817 1888 886 victoriamque

143 921 481 956 concessere.

217 992 350 1042 Mox
393 991 714 1043 Artabanus
760 999 880 1043 tota
922 990 1067 1042 mole
1111 991 1268 1058 regni
1311 991 1488 1042 ultum
1531 991 1608 1043 iit.
1690 991 1891 1043 Peritia
1910 998 1973 1042 36

143 1077 386 1130 locorum
414 1079 482 1129 ab
513 1078 740 1130 Hiberis
768 1078 964 1130 melius
992 1086 1297 1145 pugnaturn
1319 1095 1331 1140 ;
1363 1094 1466 1129 nec
1486 1077 1609 1128 ideo
1635 1077 1887 1129 abscede·

142 1165 252 1226 bat,
282 1164 339 1215 ni
366 1164 664 1216 contractis
691 1164 1000 1232 legionibus
1027 1164 1284 1215 Vitellius
1312 1171 1368 1214 et
1405 1163 1625 1215 subdito
1652 1180 1884 1226 rumore,

143 1257 423 1318 tamquam
489 1251 948 1317 Mesopotamiam
1012 1250 1317 1312 invasuruS,
1376 1257 1586 1301 metum
1651 1250 1888 1303 Romani

143 1337 271 1389 belli
295 1337 535 1390 fecisset.
590 1338 735 1388 Tum
764 1337 967 1388 omissa
993 1336 1266 1388 Armenia
1289 1353 1592 1404 versaeque
1612 1335 1887 1388 Artabani
1927 1361 1952 1387 2

142 1440 246 1485 res,
275 1423 540 1475 illiciente
565 1423 791 1475 Vitellio
818 1424 1136 1475 desererent
1169 1439 1356 1490 regem
1397 1439 1621 1474 saevum
1659 1422 1716 1474 in
1755 1440 1890 1490 pace

144 1517 200 1562 et
251 1510 494 1562 adversis
558 1510 889 1577 proeliorum
954 1509 1263 1561 exitiosum.
1369 1509 1550 1578 Igitur
1602 1509 1885 1571 SinnaceS‚
1928 1533 1951 1569 3

144 1613 306 1664 quem
346 1604 511 1648 antea
555 1594 836 1648 infensum
887 1595 1199 1658 memoravi,
1247 1603 1461 1663 patrem
1515 1595 1889 1663 Abdagaesen

112 1683 386 1751 aliosque
436 1683 681 1735 occultos
734 1683 946 1735 consilii
997 1690 1053 1734 et
1104 1690 1239 1734 tunc
1299 1682 1578 1734 continuis
1643 1682 1889 1734 cladibus

143 1770 508 1837 promptiores
547 1770 617 1821 ad
655 1767 1023 1821 defectionem
1068 1769 1252 1830 trahit,
1294 1768 1667 1820 adfluentibus
1711 1769 1892 1836 paula-

142 1856 242 1907 tim
271 1856 378 1924 qui,
402 1864 554 1908 metu
581 1856 759 1924 magis
787 1873 949 1924 quam
972 1854 1361 1907 benevolentia
1381 1855 1631 1917 subiecti,
1655 1855 1889 1922 repertis

142 1943 458 1994 auctoribus
505 1943 841 1995 sustulerant
886 1942 1143 1993 animum.
1225 1941 1346 1993 Nec
1389 1941 1496 1992 iam
1538 1941 1684 1993 aliud
1727 1941 1888 1993 Arta-
1926 1966 1951 2002 4

142 2030 285 2081 bano
312 2029 584 2097 reliquum
611 2046 773 2097 quam
806 2029 852 2080 si
884 2028 977 2097 qui
1003 2036 1355 2080 externorum
1382 2027 1595 2095 corpori
1630 2029 1889 2080 custodes

141 2117 383 2178 aderant,
415 2115 528 2167 suis
556 2115 788 2184 quisque
824 2115 1048 2167 sedibus
1088 2121 1347 2176 extorreS,
1378 2114 1500 2182 quis
1539 2131 1720 2182 neque
1757 2115 1888 2166 boni

142 2201 458 2254 intellectus
509 2219 689 2270 neque
734 2201 863 2253 mali
908 2218 1053 2263 cura,
1095 2201 1192 2252 sed
1238 2201 1492 2252 mercede
1535 2200 1758 2252 aluntur
1795 2201 1890 2252 mi-

50 2292 65 2351 ζ
141 2288 303 2341 nistri
341 2288 655 2342 sceleribus,
737 2288 845 2340 His
883 2288 1193 2355 adsumptis
1232 2286 1288 2338 in
1327 2287 1630 2355 longinqua
1668 2295 1724 2339 et
1763 2305 1887 2340 con·
1925 2310 1948 2349 5

141 2375 377 2427 termina
429 2374 690 2444 Scythiae
739 2372 928 2442 fugam
985 2373 1294 2435 maturavit,
1349 2391 1448 2441 spe
1509 2373 1709 2436 auxilii,
1762 2374 1889 2442 quia

194 2566 234 2605 4.
254 2554 399 2606 gnari,
415 2554 681 2607 recognizing
689 2567 765 2593 one
784 2553 970 2593 another.
1056 2554 1148 2594 sion
1166 2567 1251 2594 was
1277 2567 1301 2594 a
1326 2566 1499 2594 menace
1522 2558 1566 2594 to
1590 2554 1662 2594 the
1693 2554 1888 2594 Parthian

197 2619 234 2662 5.
263 2609 499 2661 praelatus
518 2627 558 2643 =
571 2610 885 2661 praeterlatus,·
919 2608 970 2649 cf.
1056 2622 1209 2662 power.

143 2664 435 2716 praevehitur‚
456 2664 514 2703 ΙΙ.
535 2663 574 2703 6.
596 2673 632 2716 5.
1111 2674 1147 2714 3.
1178 2670 1340 2703 antea:
1372 2676 1442 2702 see
1464 2673 1528 2713 31.
1550 2673 1587 2714 3.

195 2719 435 2758 saucium:
469 2718 533 2757 zze.
554 2718 728 2758 Orodes.
1111 2718 1321 2758 occultos
1361 2718 1569 2757 consilii:
1614 2717 1678 2757 i.e.
1717 2718 1889 2769 secretly

52 2799 64 2802 <v
195 2770 278 2815 36.
319 2785 452 2812 mox:
487 2773 588 2811 here
616 2772 818 2824 probably
844 2772 971 2824 begin
1056 2773 1314 2824 conspiring3
1343 2772 1394 2811 cf.
1412 2773 1485 2811 IV.
1505 2782 1540 2823 7.
1556 2782 1633 2812 2n.
1671 2772 1773 2811 Intr.
1790 2782 1839 2824 35
1854 2786 1886 2812 e.

63 2860 66 2863 .
141 2827 212 2866 the
233 2833 375 2866 events
396 2827 443 2865 of
457 2827 528 2866 the
548 2840 644 2878 year
659 2827 712 2878 36
719 2841 732 2875 ;
760 2840 830 2866 see
851 2826 916 2878 38.
937 2838 970 2867 1.
1112 2827 1324 2874 subiecti,
1370 2827 1595 2878 retaining
1635 2827 1745 2865 tlzez'r
1790 2827 1888 2866 alle—

195 2889 438 2934 tamquam
478 2883 754 2922 invasurus:
807 2882 970 2934 equiva·
1052 2883 1213 2934 giance.

141 2937 228 2976 lent
247 2943 289 2976 to
318 2951 373 2976 an
396 2938 627 2977 accusative
645 2937 746 2976 with
771 2936 971 2976 infinitive
1111 2937 1395 2983 auctoribus,
1417 2937 1586 2984 leaders,
1607 2936 1651 2974 in
1679 2936 1786 2975 their
1807 2935 1888 2975 dis-

145 2991 270 3043 (Intr.
292 3002 340 3045 35
351 2991 418 3045 j).
1057 2991 1263 3030 affection.

199 3046 622 3099 Mesopotamiam:
663 3045 787 3085 south
820 3045 868 3084 of
894 3047 971 3085 Ar·
1110 3058 1149 3095 4.
1181 3046 1390 3085 aluntur:
1440 3050 1608 3096 present
1647 3050 1778 3092 tense,
1817 3046 1888 3085 de-

141 3101 293 3148 menia,
330 3101 519 3140 between
558 3101 630 3140 the
666 3100 794 3139 rivers
837 3100 973 3150 Tigris
1056 3100 1236 3150 scribing
1254 3099 1423 3150 general
1443 3099 1778 3140 characteristics.

64 3160 67 3163 “
142 3156 227 3195 and
264 3155 498 3207 Euphrates
530 3154 618 3207 (37.
647 3153 696 3207 4)
708 3169 721 3203 ;
770 3155 823 3195 its
858 3154 971 3194 inva·
1112 3163 1150 3207 5.
1181 3154 1422 3204 Scythiae:
1454 3154 1704 3194 Turkestan.
