2170 3488
193 205 300 243 A.D.
322 203 410 256 24]
976 203 1222 244 ANNALS.
1939 204 2019 246 285

193 339 249 390 in
277 346 473 390 senatu
500 338 746 390 oratione
773 339 987 390 monuit
1019 339 1072 390 in
1109 347 1391 406 posterum
1431 355 1502 391 ne
1540 339 1663 407 quis
1701 339 1933 392 mobiles

192 425 626 477 adulescentium
655 425 865 476 animos
902 425 1264 492 praematuris
1303 425 1603 477 honoribus
1642 426 1711 477 ad
1750 442 1935 493 super-

192 511 336 562 biam
364 511 662 562 extolleret.
746 511 998 562 Instabat
1026 512 1228 579 quippe
1258 511 1493 564 Seianus
1532 511 1931 579 incusabatque
1970 537 1996 572 4

191 597 468 648 diductam
498 597 776 648 civitatem
817 605 878 648 ut
918 598 1064 649 civili
1103 593 1279 649 bello:
1319 614 1444 649 esse
1483 597 1576 665 qui
1608 614 1668 649 se
1694 598 1931 665 partium

191 683 536 750 Agrippinae
570 691 787 745 vocent,
818 700 881 735 ac
920 684 977 734 ni
1016 684 1321 745 resistatur,
1351 684 1469 735 fore
1508 683 1712 750 pluris;
1751 701 1960 752 neque-

190 770 338 821 aliud
382 770 667 837 gliscentis
707 769 1012 821 discordiae
1051 770 1352 821 remedium
1391 787 1554 838 quam
1595 770 1642 822 si
1680 787 1824 822 unus
1863 770 1934 823 al·

190 863 344 908 terve
371 856 605 907 maxime
633 856 873 923 prompti
901 857 1365 908 subverterentur.

265 942 391 1010 Qua
428 959 592 993 causa
632 942 690 993 C.
726 942 921 994 Silium
961 950 1018 993 et
1058 942 1267 993 Titium
1297 942 1563 995 Sabinum
1595 943 1928 1011 aggreditur.
1955 949 2016 994 18

191 1028 458 1080 Amicitia
503 1028 819 1080 Germanici
864 1028 1172 1095 perniciosa
1217 1029 1452 1096 utrique,
1503 1029 1638 1081 Silio
1683 1038 1739 1081 et
1786 1030 1932 1098 quod

190 1114 433 1182 ingentis
472 1114 745 1166 exercitus
786 1122 1002 1181 septem
1041 1131 1141 1181 per
1178 1132 1352 1166 annos
1394 1117 1706 1167 moderator
1742 1116 1933 1183 partis-

190 1217 297 1269 que
343 1201 488 1267 apud
534 1201 885 1252 Germaniam
930 1201 1354 1268 triumphalibus
1397 1201 1761 1254 Sacroviriani
1801 1202 1931 1254 belli

190 1287 378 1349 victor,
421 1295 627 1355 quanto
666 1287 871 1338 maiore
911 1287 1055 1338 mole
1094 1288 1420 1354 procideret,
1460 1288 1584 1354 plus
1622 1288 1931 1340 formidinis

190 1374 246 1425 in
284 1373 419 1425 alios
458 1374 889 1440 dispergebatur.
972 1373 1287 1425 Credebant
1327 1373 1573 1441 plerique
1611 1382 1827 1426 auctam
1855 1375 1930 1426 of·
1970 1398 1994 1424 2

188 1460 500 1512 sensionem
522 1460 692 1527 ipsius
714 1460 1156 1527 intemperantia,
1182 1460 1474 1512 immodice
1494 1460 1748 1512 iactantis
1771 1478 1930 1512 suum

190 1547 422 1610 militem
467 1547 524 1597 in
570 1546 836 1614 obsequio
876 1546 1173 1607 duravisse,
1215 1563 1339 1598 cum
1381 1546 1472 1598 alii
1516 1547 1585 1598 ad
1630 1547 1930 1599 seditiones

43 1638 46 1639 ⁷
189 1633 639 1700 prolaberentur3
690 1649 870 1700 neque
910 1649 1230 1684 mansurum
1273 1633 1498 1684 Tiberio
1538 1633 1841 1700 imperium,
1884 1634 1930 1685 si

190 1719 255 1770 iis
282 1736 500 1787 quoque
538 1719 849 1786 legionibus
889 1719 1088 1785 cupido
1127 1719 1367 1770 novandi
1404 1719 1618 1771 fuisset.
1700 1720 1931 1771 Destrui

189 1822 288 1873 per
337 1806 472 1857 haec
529 1806 809 1857 fortunam
874 1823 1030 1857 suam
1084 1805 1288 1857 Caesar
1338 1805 1711 1873 imparemque
1773 1813 1931 1858 tanto

190 1892 384 1943 merito
430 1893 664 1944 rebatur.
762 1893 908 1943 Nam
950 1892 1221 1944 beneficia
1265 1909 1330 1943 eo
1376 1909 1549 1959 usque
1593 1892 1738 1944 laeta
1782 1901 1926 1955 sunt,
1970 1917 1993 1954 3

190 1979 320 2030 dum
364 1978 623 2029 videntur
663 1978 870 2030 exsolvi
916 1995 1113 2045 posse:
1159 1978 1254 2030 ubi
1300 1978 1534 2029 multum
1579 1987 1928 2041 antevenere,

189 2081 286 2131 pro
313 2065 490 2132 gratia
516 2065 701 2116 odium
729 2065 987 2118 redditur.
1069 2066 1202 2116 Erat
1231 2082 1366 2116 uxor
1395 2065 1529 2116 Silio
1559 2064 1719 2116 Sosia
1758 2065 1930 2127 Galla,
1955 2072 2017 2116 19

190 2151 417 2202 caritate
445 2151 789 2218 Agrippinae
821 2151 998 2202 invisa
1034 2151 1281 2218 principi.
1365 2151 1488 2202 Hos
1527 2151 1725 2218 corripi
1763 2151 1932 2203 dilato

189 2238 257 2288 ad
284 2244 503 2303 tempus
546 2237 751 2289 Sabino
790 2237 1066 2304 placitum,
1098 2238 1487 2304 immissusque
1514 2237 1689 2288 Varro
1722 2238 1928 2299 consul,

189 2323 281 2391 qui
319 2331 577 2390 paternas
615 2323 929 2375 inimicitias
968 2324 1279 2375 obtendens
1319 2323 1457 2374 odiis
1499 2322 1688 2375 Seiani
1723 2341 1821 2390 per
1847 2325 1934 2374 de-

189 2409 358 2461 decus
397 2427 556 2460 suum
596 2410 1019 2477 gratificabatur.
1119 2410 1387 2461 Precante
1427 2426 1519 2460 reo
1558 2410 1783 2461 brevem
1823 2427 1931 2460 mo·
1972 2434 1994 2459 2

190 2486 318 2557 ram,
366 2496 496 2547 dum
547 2505 835 2548 accusator
884 2496 1174 2548 consulatu
1226 2496 1417 2557 abiret,
1472 2496 1792 2547 adversatus
1845 2504 1932 2547 est

244 2629 283 2667 4.
313 2618 520 2657 instabat
547 2648 556 2658 .
579 2649 587 2658 .
610 2648 619 2657 .
646 2619 870 2658 Seianus:
903 2618 957 2657 he
986 2619 1021 2657 is

191 2671 339 2722 always
362 2674 627 2724 represented
651 2686 696 2711 as
715 2673 785 2711 the
805 2673 1021 2723 instigator

192 2726 240 2765 of
263 2727 378 2765 these
398 2727 637 2778 suspicions.

247 2781 500 2828 diductam,
524 2781 700 2820 divz'ded
723 2782 810 2820 into
832 2781 1018 2821 factions.

245 2847 371 2875 unus
399 2836 593 2875 alterve:
629 2837 692 2875 z'.e.
718 2836 764 2874 of
779 2836 849 2874 the
871 2836 1018 2875 adher-

192 2895 283 2928 ents
302 2890 349 2928 of
362 2891 605 2942 Agrippina.

250 2942 331 2986 18.
373 2946 421 2984 C.
453 2946 643 2984 Silium:
681 2946 949 2984 commander
977 2945 1025 2983 of

192 2997 335 3048 Upper
367 2999 574 3050 Germany
607 3000 651 3037 in
690 2999 810 3038 Book
850 3000 903 3047 1.;
949 3012 1019 3038 see

193 3051 278 3090 also
298 3053 379 3091 III.
395 3064 460 3102 42.
479 3064 514 3091 2.
565 3054 646 3092 His
665 3066 778 3104 army
792 3053 877 3096 had
892 3053 1020 3092 taken

193 3117 248 3144 no
267 3112 358 3157 part
378 3107 420 3145 in
439 3107 510 3146 the
530 3108 701 3158 mutiny.

1158 2618 1305 2670 partis
1333 2618 1720 2669 triumphalibus:
1753 2618 1787 2657 Ι.
1811 2627 1874 2668 72.
1899 2628 1931 2656 1.

1161 2673 1276 2712 Silio
1306 2679 1353 2711 et
1387 2672 1466 2723 (z
1490 2672 1666 2723 αἰανὴς
1707 2685 1758 2710 sc.
1780 2672 1931 2723 perni-

1105 2727 1260 2765 ciosum
1282 2732 1384 2765 erat.

1161 2792 1197 2821 2.
1228 2793 1529 2820 mansurum:
1561 2794 1611 2820 sc.
1632 2780 1793 2820 fuisse.

1160 2837 1401 2887 imparem,
1436 2841 1538 2874 etc.:
1582 2835 1682 2873 such
1717 2847 1742 2873 a
1778 2835 1932 2874 service

1105 2890 1228 2929 could
1249 2903 1373 2928 never
1393 2890 1445 2928 be
1465 2890 1652 2941 requited
1677 2888 1917 2940 (exsolvi).

1161 2943 1242 2987 19.
1283 2951 1502 2996 paternas
1537 2944 1830 2983 inimicitias:
1862 2956 1931 2982 see

1105 2999 1187 3038 III.
1207 3010 1274 3048 43.
1294 3011 1333 3048 4.

1161 3064 1197 3092 2.
1228 3054 1339 3092 dum
1371 3082 1380 3091 .
1412 3082 1421 3091 .
1454 3082 1463 3092 .
1491 3053 1659 3091 abiret:
1693 3064 1738 3091 as
1756 3052 1827 3091 the
1849 3053 1931 3091 Ro·

1104 3120 1222 3146 mans
1263 3107 1346 3146 had
1390 3119 1444 3145 no
1485 3106 1632 3145 official
1674 3112 1932 3158 prosecutors
