2170 3488
163 219 246 262 316
951 218 1208 259 TACITUS.

1735 219 1891 272 [Boox
1918 220 1993 262 IV.

164 363 226 409 52
319 356 402 409 At
439 357 652 408 Romae
691 362 966 408 commota
1002 355 1265 423 principis
1304 356 1482 418 dom0,
1511 363 1573 408 ut
1612 356 1782 408 series
1819 354 1992 408 futuri

249 443 305 495 in
332 442 700 511 Agrippinam
728 442 882 494 exitii
913 442 1198 509 inciperet,
1230 441 1459 494 Claudia
1499 442 1731 494 Pulchra
1770 443 1992 495 sobrina

189 554 213 579 2
253 530 370 582 eius
420 529 746 597 postulatur,
787 537 1086 581 accusante
1136 529 1385 580 Domitio
1437 528 1593 581 Afro.
1690 529 1747 580 Is
1798 546 1991 582 recens

249 624 519 685 praetura,
561 616 810 667 modicus
849 614 1187 683 dignationis
1227 623 1282 666 et
1325 632 1545 683 quoquo
1588 613 1832 668 facinore
1875 633 1994 683 pro-

249 720 414 771 perus
460 702 776 764 clarescere,
819 702 1027 754 crimen
1072 701 1461 768 impudicitiae,
1502 702 1813 753 adulterum
1862 703 1995 754 Fur·
2038 716 2042 720 ’

249 790 417 852 nium,
457 789 723 841 veneficia
760 788 816 839 in
855 788 1161 855 principem
1201 795 1257 839 et
1295 788 1617 839 devotiones
1663 788 1988 840 obiectabat.

189 901 212 937 3
252 875 566 944 Agrippina
593 891 812 942 semper
836 882 1007 936 atrox,
1035 882 1156 926 tum
1184 882 1239 926 et
1266 874 1508 942 periculo
1534 874 1873 942 propinquae
1912 893 1995 927 ac-

251 980 433 1024 censa,
475 962 656 1030 pergit
695 962 764 1013 ad
803 961 1087 1013 Tiberium
1127 978 1190 1013 ac
1229 961 1373 1012 forte
1412 961 1812 1013 sacrificantem
1853 961 1995 1029 patri

189 1075 214 1110 4
253 1049 508 1117 repperit.
592 1048 718 1117 Quo
744 1048 900 1099 initio
927 1048 1164 1099 invidiae
1203 1064 1313 1098 non
1353 1047 1599 1099 eiusdem
1638 1047 1713 1100 ait
1753 1055 1995 1100 mactare

252 1137 379 1188 divo
405 1135 670 1203 Augusto
695 1134 949 1186 victimas
977 1142 1032 1185 et
1064 1142 1316 1202 posteros
1355 1134 1473 1186 eius
1512 1134 1785 1187 insectari.
1867 1135 1996 1186 Non

251 1223 307 1274 in
340 1222 551 1290 effigies
578 1229 761 1273 mutas
788 1221 1034 1272 divinum
1063 1221 1317 1288 spiritum
1355 1221 1733 1273 transfusum:
1772 1238 1832 1273 se
1869 1221 1998 1272 ima·
2073 1271 2085 1280 ,

252 1309 438 1377 ginem
476 1325 679 1370 veram,
722 1308 948 1360 caelesti
987 1307 1258 1375 sanguine
1297 1315 1490 1369 ortam,
1532 1307 1857 1375 intellegere
1895 1308 1998 1377 dis-

191 1418 215 1457 5
255 1396 480 1458 crimen,
509 1395 790 1462 suscipere
817 1395 1023 1447 sordes,
1105 1395 1335 1445 Frustra
1363 1394 1650 1445 Pulchram
1681 1394 1995 1461 praescribi,

254 1483 342 1535 cui
369 1482 486 1534 sola
511 1482 663 1543 exitii
690 1499 856 1534 causa
882 1481 953 1533 sit
993 1481 1138 1549 quod
1166 1480 1537 1548 Agrippinam
1570 1481 1741 1533 stulte
1775 1498 1998 1548 prorsus

253 1571 323 1621 ad
362 1569 571 1621 cultum
610 1568 892 1636 delegerit,
935 1568 1108 1619 oblita
1148 1567 1341 1620 Sosiae
1379 1568 1450 1619 ob
1488 1568 1680 1619 eadem
1726 1556 1993 1620 adflictae.

192 1670 218 1706 6
256 1656 468 1708 Audita
492 1656 630 1707 haec
656 1672 832 1706 raram
860 1655 1065 1707 occulti
1105 1654 1346 1722 pectoris
1372 1671 1567 1706 vocem
1607 1654 1857 1717 elicuere,
1888 1672 2000 1707 cor·
2038 1700 2042 1703 ,

255 1751 580 1810 reptamque
618 1742 831 1794 Graeco
857 1758 1021 1793 versu
1052 1741 1337 1792 admonuit
1377 1758 1489 1792 non
1527 1740 1651 1793 ideo
1689 1740 1845 1803 laedi,
1874 1741 2001 1809 quia

192 1855 216 1890 7
256 1847 368 1881 non
412 1836 683 1897 regnaret.
765 1828 999 1880 Pulchra
1044 1835 1100 1879 et
1149 1827 1387 1879 Furnius
1434 1828 1778 1880 damnantur.
1858 1827 2002 1879 Afer

254 1916 584 1984 primoribus
612 1923 890 1967 oratorum
918 1914 1152 1976 addituS‚
1177 1914 1458 1982 divulgato
1479 1914 1703 1981 ingenio
1725 1921 1781 1965 et
1809 1921 2001 1966 secuta

254 2002 662 2055 asseveratione
697 2001 964 2063 CaesariS,
1001 2018 1108 2069 qua
1147 2018 1247 2052 suo
1286 2000 1403 2051 iure
1442 2000 1725 2052 disertum.
1748 2018 1872 2052 eum
1912 2018 2001 2068 ap-

307 2147 390 2192 52.
424 2149 626 2196 sobrina,
635 2148 943 2188 secondcousin.
993 2149 1085 2187 Her
1224 2148 1438 2188 divinum
1469 2147 1710 2200 spiritum:
1751 2148 1815 2188 i.e.
1845 2147 1893 2187 of
1915 2148 2000 2187 Au·

251 2204 427 2251 mother,
459 2202 670 2250 Marcella,
696 2216 780 2241 was
810 2203 1012 2254 daughter
1041 2202 1090 2242 of
1167 2208 1321 2254 gustus.

252 2259 425 2299 Octavia
441 2273 452 2306 3
488 2270 557 2296 see
577 2258 702 2305 table,
724 2258 825 2296 Intr.
845 2270 887 2309 p.
906 2258 1010 2297 xxix.
1223 2257 1464 2310 suscipere
1482 2257 1660 2305 sordes,
1667 2262 1754 2309 put
1762 2270 1814 2296 on
1829 2270 2001 2297 mourn-

307 2313 518 2353 Domitio
565 2312 677 2351 Afro
702 2327 711 2351 ε
763 2325 816 2350 an
864 2317 1002 2351 orator
1040 2312 1089 2351 of
1169 2313 1254 2364 ing.

251 2381 367 2407 some
406 2367 657 2407 distinction.
714 2366 945 2417 Quintilian
983 2366 1083 2405 calls

252 2423 339 2461 him
373 2421 496 2474 (XII.
535 2432 596 2460 11.
637 2421 683 2473 3)
727 2422 840 2472 longe
877 2422 1082 2468 omnium,

252 2490 348 2530 quos
376 2477 484 2516 mihi
513 2489 739 2528 cognoscere
767 2477 946 2527 contigit,
972 2489 1082 2514 sum-

253 2545 369 2571 mum
407 2537 631 2580 oratorem3
678 2530 730 2571 cf.
770 2530 873 2570 Plin.
907 2531 989 2582 Ep.
1024 2531 1082 2570 ΙΙ.

256 2597 318 2636 14
344 2597 403 2626 10.

308 2652 345 2681 2.
374 2653 537 2682 recens
561 2649 797 2694 praetura:
831 2655 855 2681 a
874 2655 967 2681 new
986 2655 1083 2681 con-

252 2697 471 2744 struction3
509 2697 561 2736 cf.
584 2711 723 2736 recens
742 2698 886 2744 dolore,
903 2698 938 2737 I.
953 2708 1019 2747 41.
1042 2709 1082 2747 4.

308 2751 609 2792 devotiones:
642 2765 711 2791 see
732 2752 791 2791 ΙΙ.
812 2752 876 2801 69.
899 2762 935 2804 5.

309 2817 345 2857 3.
376 2813 518 2854 atrox,
537 2807 677 2846 barslz.

307 2873 346 2910 4.
377 2873 471 2912 quo
510 2861 644 2901 initio
683 2861 901 2908 invidiae,
940 2861 1084 2913 taking

253 2915 335 2954 this
362 2922 430 2954 act
455 2929 502 2954 as
529 2929 590 2955 an
618 2916 802 2955 occasion
819 2916 897 2969 jor
922 2916 998 2954 lter
1021 2929 1083 2954 re·

257 2970 467 3021 proaclces.

309 3024 514 3074 effigies:
549 3024 748 3075 referring
776 3029 819 3063 to
849 3024 920 3063 the
949 3024 1085 3075 image

255 3077 303 3116 of
343 3079 566 3129 Augustus,
613 3078 756 3118 before
801 3078 938 3118 which
988 3078 1086 3130 they

254 3133 389 3175 stood.

1225 2376 1261 2418 5.
1277 2367 1554 2418 praescribi,
1568 2367 1699 2418 given
1720 2379 1767 2406 as
1785 2380 1812 2405 a
1823 2372 2000 2419 pretext.

1224 2421 1413 2461 Sosiae:
1446 2434 1516 2460 see
1541 2432 1602 2471 19.
1627 2432 1661 2461 1.

1223 2476 1260 2515 6.
1291 2476 1463 2515 occulti
1497 2476 1700 2528 pectoris
1729 2488 1911 2525 vocem,
1941 2476 2001 2516 be-

1167 2531 1313 2582 trayal
1328 2531 1379 2584 of
1390 2531 1457 2569 his
1474 2531 1627 2570 hidden
1645 2532 1836 2584 feelings.

1223 2592 1601 2638 correptamque:
1635 2586 1856 2625 Suetonius
1879 2584 2000 2637 (Tib.

1171 2643 1243 2694 53)
1268 2655 1372 2693 says,
1398 2655 1561 2680 nurum
1591 2641 1878 2692 Agrippinam
1908 2670 1918 2680 .
1948 2670 1959 2680 .
1990 2670 2000 2681 .

1170 2711 1304 2736 manu
1325 2697 1601 2749 apprehendit
1618 2697 1851 2748 Graecoque
1865 2708 2000 2743 versu,

1170 2755 1180 2773 ‘
1194 2753 1244 2791 Si
1268 2766 1352 2791 non
1372 2753 1636 2800 domz'naris,'
1660 2751 1814 2803 inquit,
1835 2754 1846 2772 ‘
1845 2750 1999 2804 filiola,

1171 2807 1389 2846 iniuriam
1428 2813 1464 2846 te
1502 2808 1686 2858 accipere
1728 2805 1998 2845 existimas?'

1171 2875 1243 2900 nec
1272 2862 1355 2900 ullo
1385 2875 1480 2900 mox
1506 2875 1692 2901 sermone
1720 2861 1917 2912 dignatus
1935 2866 1999 2900 est.

1167 2916 1259 2956 The
1279 2916 1452 2966 original
1473 2916 1611 2955 Greek
1631 2916 1666 2955 is
1685 2921 1760 2955 not
1779 2916 1945 2955 known.

1227 2980 1262 3021 7.
1292 2971 1590 3022 primoribus,
1610 2971 1673 3010 tlte
1685 2971 1793 3025 first
1809 2970 1934 3010 rank.

1224 3025 1440 3075 ingenio:
1492 3026 1555 3064 zze.
1594 3025 1665 3064 the
1705 3025 1812 3064 fame
1852 3025 1900 3064 os
1936 3024 2000 3064 his

1170 3091 1328 3130 gemus.

1225 3145 1316 3174 suo
1337 3133 1448 3182 iure,
1467 3134 1568 3172 with
1585 3134 1680 3187 full
1696 3134 1817 3186 right.
