2170 3488
128 206 210 247 302
930 205 1185 245 TAchs.
1708 203 1858 255 [Βοοκ
1888 203 1954 243 1v.

215 342 340 394 sisti
383 358 495 394 non
539 340 927 409 prohibuisset,
977 340 1070 408 qui
1115 340 1300 392 omnia
1343 341 1491 392 facta
1535 340 1791 407 dictaque
1841 338 1959 391 eius

216 429 337 481 vice
363 428 502 496 legis
532 428 835 490 observem,
866 427 1127 494 placitum
1155 427 1263 478 iam
1303 426 1613 493 exemplum
1653 425 1960 493 promptius

217 522 441 566 secutus
469 531 606 575 sum,
636 514 762 581 quia
789 513 960 564 cultui
988 529 1112 564 meo
1138 513 1421 564 veneratio
1449 520 1674 564 senatus
1706 511 1970 582 adiunge—d

156 623 179 661 5
219 602 393 653 batur.
468 601 729 652 Ceterum
759 607 818 650 ut
847 599 1016 650 semel
1043 599 1319 666 recepisse
1344 599 1560 650 veniam
1588 598 1855 660 habuerit,
1885 598 1962 649 ita

220 703 412 739 omnes
451 703 550 753 per
588 685 896 752 provincias
936 685 1117 752 effigie
1156 686 1444 737 numinum
1484 685 1685 737 sacrari
1716 684 1962 736 ambitio-

219 790 340 825 sum
382 773 714 839 superbum;
754 779 809 822 et
847 778 1111 823 vanescet
1150 771 1398 839 Augusti
1437 772 1625 833 honor,
1661 771 1706 823 si
1739 771 1963 838 promis-

134 865 197 911 38
219 859 297 911 cis
329 858 736 910 adulationibus
768 858 1037 925 vulgatur.
1127 858 1250 925 Ego
1290 875 1392 920 me,
1422 865 1606 925 patres
1646 856 1959 924 conscripti,

220 944 507 996 mortalem
535 960 659 995 esse
687 952 742 995 et
770 943 1053 995 hominum
1082 944 1261 996 officia
1286 944 1445 1011 fungi
1472 943 1714 1012 satisque
1744 944 1961 1005 habere,

221 1031 267 1083 si
293 1031 474 1083 locum
502 1030 806 1097 principem
834 1030 1106 1097 impleam,
1138 1038 1194 1082 et
1220 1047 1318 1082 vos
1350 1038 1526 1082 testor
1551 1038 1606 1082 et
1646 1030 1965 1082 meminisse

219 1125 470 1184 posteros
497 1116 654 1179 volo;
694 1116 786 1183 qui
815 1116 948 1168 satis
978 1133 1251 1184 superque
1278 1117 1574 1168 memoriae
1606 1133 1761 1168 meae
1799 1116 1966 1168 tribu-

221 1211 331 1265 ent,
374 1211 434 1254 ut
474 1202 771 1254 maioribus
813 1202 949 1254 meis
991 1203 1236 1271 dignum,
1279 1220 1461 1254 rerum
1499 1211 1806 1255 vestrarum
1850 1219 1968 1270 pro-

220 1289 422 1351 vidum,
448 1297 796 1341 constantem
825 1289 881 1340 in
910 1289 1180 1356 periculiS,
1202 1290 1574 1341 offensionum
1602 1306 1699 1356 pro
1727 1289 1966 1340 utilitate

162 1401 186 1426 2
224 1376 442 1444 publica
486 1393 596 1426 non
642 1375 901 1442 pavidum
947 1377 1188 1428 credant.
1287 1377 1444 1428 Haec
1488 1376 1623 1427 mihi
1669 1375 1724 1426 in
1770 1362 1967 1427 animis

164 1460 167 1463 ’
221 1463 421 1514 vestris
460 1462 680 1528 templa,
723 1462 827 1513 hae
867 1462 1268 1529 pulcherrimae
1307 1463 1520 1530 effigies
1562 1471 1619 1514 et
1660 1478 1962 1514 mansurae.

225 1549 370 1600 Nam
410 1565 550 1616 quae
597 1565 727 1599 saxo
773 1555 1077 1610 struuntur,
1121 1545 1167 1600 si
1212 1548 1475 1600 iudicium
1520 1557 1864 1616 posterorum
1911 1548 1968 1599 in
2088 1608 2115 1613 -

162 1660 186 1695 3
226 1635 410 1687 odium
436 1634 619 1696 vertit,
649 1651 747 1701 pro
781 1634 1047 1701 sepulcris
1088 1643 1437 1702 spernuntur.
1518 1635 1751 1686 Proinde
1790 1635 1968 1686 socios
2038 1691 2042 1693 ,
2092 1648 2127 1673 ’-

224 1721 371 1773 cives
400 1728 455 1772 et
482 1721 615 1772 deos
642 1720 791 1787 ipsos
831 1737 1038 1787 precor,
1069 1721 1170 1773 hos
1209 1729 1270 1772 ut
1310 1722 1443 1772 mihi
1482 1722 1550 1773 ad
1588 1722 1752 1772 finem
1793 1737 1968 1789 usque

222 1807 371 1858 vitae
410 1806 653 1874 quietam
693 1814 749 1858 et
788 1807 1209 1875 intellegentem
1250 1808 1477 1859 humani
1515 1808 1796 1875 divinique
1835 1807 1968 1859 iuris

223 1901 467 1944 mentem
520 1893 694 1955 duint,
748 1893 869 1945 illos
926 1901 1004 1956 ut,
1057 1895 1384 1962 quandoque
1447 1910 1788 1956 concesserO,
1843 1911 1968 1945 cum

224 1979 384 2031 laude
411 1987 466 2030 et
494 1979 652 2030 bonis
680 1980 1151 2031 recordationibus
1178 1981 1327 2032 facta
1356 1989 1521 2049 atque
1559 1980 1762 2044 famam
1802 1979 1970 2047 nomi-

162 2090 188 2125 4
226 2066 313 2117 nis
357 2065 466 2116 mei
511 2065 948 2133 prosequantur.'
1053 2066 1410 2134 Perstititque
1461 2067 1692 2134 posthac
1739 2066 1967 2118 secretis

224 2151 390 2203 etiam
420 2151 765 2203 sermonibus
792 2152 1070 2218 aspernari
1097 2153 1264 2204 talem
1293 2153 1378 2205 sui
1400 2153 1624 2205 cultum.
1688 2153 1852 2221 Quod
1877 2152 1969 2203 alii

1194 2351 1246 2384 ut
1278 2362 1318 2378 =
1354 2344 1569 2384 dummodo
1586 2359 1602 2384 .·
1650 2345 1692 2384 in
1732 2345 1812 2384 this
1848 2341 1969 2384 sense

1138 2399 1347 2450 generally
1386 2400 1484 2438 with
1531 2413 1556 2438 a
1603 2399 1841 2438 correlative
1889 2400 1966 2438 ita.

1138 2453 1207 2492 All
1241 2454 1311 2492 the
1344 2454 1484 2493 merits
1517 2454 1616 2492 here
1650 2453 1826 2493 claimed
1860 2459 1969 2492 must

276 2354 316 2392 4.
345 2342 427 2393 qui
462 2371 471 2382 .
507 2372 516 2381 .
552 2372 561 2381 .
596 2343 868 2382 observem:
907 2342 1054 2382 Strabo

222 2409 314 2448 says
339 2396 435 2448 (VI.
457 2395 576 2448 288),
596 2397 787 2448 Τιβέριος,
809 2396 958 2438 κανόνα
981 2400 1054 2447 τῆς

223 2451 453 2498 διοικήσεως
493 2451 559 2491 καὶ
607 2455 688 2491 τῶν
734 2451 1054 2503 προσταγμάτων

221 2505 457 2556 Ιποιούμενος
479 2508 635 2546 ἐκεῖνον
659 2505 929 2559 [Augustus].

277 2561 517 2614 placitum,
537 2561 753 2612 approved.

278 2626 316 2668 5.
356 2615 507 2666 effigie
556 2616 820 2662 numinum,
858 2629 885 2654 a
922 2622 1054 2656 statue

221 2671 322 2709 with
342 2670 489 2709 divine
508 2670 722 2708 attributes
733 2683 752 2715 ‚·
782 2670 852 2709 the
871 2671 1052 2721 genitive

223 2725 380 2764 defines
408 2725 478 2764 the
499 2725 602 2764 class
631 2724 679 2763 of
702 2730 858 2764 statues
886 2731 1045 2774 meant;

222 2779 273 2818 cf.
295 2780 329 2818 I.
355 2790 415 2819 10.
437 2789 474 2831 5.

275 2831 359 2876 38.
396 2833 572 2874 officia:
598 2834 768 2873 Tacitus
787 2847 879 2873 uses
887 2835 1054 2887 fungor

220 2888 321 2927 with
349 2888 419 2927 the
449 2889 682 2928 accusative
711 2889 807 2940 only
835 2889 935 2928 here
969 2891 1051 2929 and

222 2942 302 2980 ΙΙΙ.
336 2953 372 2982 2.
406 2943 564 2991 1,—in
604 2943 706 2982 each
745 2956 838 2982 case
879 2944 1052 2995 quoting

222 2995 326 3035 from
343 2996 544 3044 Tiberius,
564 2998 659 3036 who
679 3010 853 3049 appears
872 3002 916 3037 to
944 2998 1050 3037 have

221 3050 397 3091 affected
425 3064 480 3091 an
507 3052 673 3091 archaic
705 3051 806 3103 style
813 3066 827 3101 3
861 3051 913 3091 cf.
933 3053 1046 3105 App.

223 3103 258 3143 1.
284 3102 403 3155 (note
424 3117 479 3143 on
499 3104 581 3144 III.
603 3116 641 3145 2.
665 3104 727 3158 1).

1139 2508 1336 2558 certainly
1356 2509 1408 2547 be
1433 2509 1646 2547 conceded
1670 2514 1713 2547 to
1737 2508 1823 2547 him
1847 2521 1902 2559 up
1924 2514 1967 2547 to

1138 2563 1218 2601 this
1238 2563 1356 2610 time3
1393 2563 1496 2601 later
1516 2563 1580 2602 his
1608 2562 1768 2602 natural
1794 2563 1968 2612 severity

1138 2617 1185 2655 of
1209 2617 1453 2668 disposition
1482 2618 1760 2669 degenerated
1785 2617 1872 2656 into
1893 2630 1965 2656 un-

1138 2672 1358 2722 reasoning
1377 2672 1543 2722 cruelty.

1194 2737 1230 2766 2.
1269 2739 1520 2768 mansurae
1544 2742 1553 2767 :
1604 2727 1655 2767 cf.
1693 2728 1819 2779 Verg.
1859 2730 1966 2767 Aen.

1191 2848 1275 2888 pro
1302 2837 1554 2889 sepulcris:
1590 2838 1653 2877 i.e.
1674 2850 1719 2876 as
1738 2837 1809 2877 the
1830 2837 1964 2876 abode

1137 2889 1185 2929 of
1199 2891 1269 2929 the
1291 2892 1410 2939 dead,
1433 2897 1506 2930 not
1526 2891 1574 2931 of
1595 2905 1619 2931 a
1638 2892 1766 2943 living
1787 2892 1908 2942 deity.

1193 2955 1229 2995 3.
1260 2946 1416 2985 duint:
1452 2946 1503 2985 cf.
1525 2947 1609 2986 Cic.
1634 2947 1720 2986 Cat.
1743 2947 1776 2985 Ι.
1798 2957 1836 2996 9.
1858 2957 1922 2985 22.

1190 3011 1490 3040 concessero:
1523 3013 1592 3040 see
1612 3000 1670 3040 ΙΙ.
1691 3010 1752 3052 71.
1777 3011 1801 3040 2
1821 3013 1861 3039 n.

1187 3065 1227 3103 4.
1258 3055 1464 3102 secretis,
1476 3055 1662 3106 private.

1188 3108 1279 3157 alii,
1301 3114 1402 3150 etc.:
1436 3110 1537 3151 Intr.
1558 3119 1608 3163 35
1629 3121 1668 3153 r.

2127 3116 2131 3124 ,
2088 2061 2131 3053 awsmmsfftwvmesffimn-m
2103 1935 2123 1957 ·.
2110 1897 2115 1900 -

2098 3191 2121 3234 *Τ
2099 3113 2121 3157 ³5<
2106 3088 2121 3103 =·.„
