2170 3488
164 242 273 282 ΑΒ.
298 241 384 293 xa]

956 243 1202 283 ANNALS.

166 377 414 445 Augusti
440 376 689 428 alumnos
717 378 785 429 ab
812 378 996 445 inopia
1022 378 1291 431 defende.’
1359 379 1653 431 Inclinatio
1682 387 1907 431 senatus
1928 386 1990 431 38

164 463 586 516 incitamentum
623 463 845 515 Tiberio
883 464 989 515 fuit
1021 482 1128 532 quo
1162 465 1470 532 promptius
1509 465 1903 527 adversaretur,

165 549 252 601 his
277 549 451 601 ferme
470 549 654 601 verbis
682 567 814 601 usus
837 569 848 602 :
879 556 891 578 ‘
911 550 971 603 Si
998 559 1265 618 quantum
1293 568 1593 619 pauperum
1615 558 1700 603 est
1720 551 1908 603 venire
1946 573 1969 598 2

166 636 273 688 huc
312 643 369 688 et
407 635 593 687 liberis
645 636 759 687 suis
811 644 1002 703 petere
1052 637 1317 704 pecunias
1364 637 1663 705 coeperint,
1705 637 1907 706 singuli

166 739 467 790 numquam
495 722 924 784 exsatiabuntur,
949 740 1037 775 res
1065 724 1285 790 publica
1311 724 1543 776 deficiet.

1625 724 1748 776 Nec
1775 741 1908 776 sane
1945 746 1969 782 3

167 809 291 860 ideo
317 825 349 860 a
374 808 671 860 maioribus
700 825 1027 861 concessum
1050 817 1136 861 est
1164 810 1351 877 egredi
1379 810 1671 877 aliquando
1698 810 1910 862 relatio-

167 912 294 946 nem
321 902 377 946 et
404 895 551 963 quod
583 894 640 946 in
668 911 960 947 commune
987 897 1259 948 conducat
1285 896 1405 948 loco
1446 897 1757 948 sententiae
1792 914 1910 963 pro-

165 981 325 1043 ferre,
367 989 428 1033 ut
467 981 682 1049 privata
720 982 944 1049 negotia
982 990 1038 1034 et
1077 999 1164 1034 res
1206 983 1503 1034 familiares
1550 990 1768 1034 nostras
1819 982 1909 1035 hic

167 1085 484 1135 augeamuS‚
526 1085 651 1119 cum
693 1068 900 1120 invidia
939 1076 1166 1120 senatus
1207 1078 1262 1120 et
1310 1069 1638 1136 principum,
1682 1069 1797 1120 sive
1835 1068 1910 1120 in-

167 1154 439 1206 dulserint
466 1154 814 1222 largitionem
843 1154 958 1206 sive
987 1155 1299 1206 abnuerint.

1379 1156 1508 1206 Non
1537 1155 1683 1207 enim
1720 1172 1911 1222 preces
1948 1177 1974 1212 4

168 1248 298 1294 sunt
333 1240 496 1302 istud,
528 1241 625 1292 sed
665 1241 1006 1308 efflagitatiO,
1037 1241 1429 1308 intempestiva
1465 1242 1686 1309 quidem
1723 1249 1780 1293 et
1819 1241 1912 1292 im-

167 1327 401 1394 provisa,
432 1344 557 1379 cum
592 1327 713 1379 aliis
753 1328 822 1378 de
860 1328 1024 1379 rebus
1065 1327 1423 1379 convenerint
1460 1336 1661 1394 patreS,
1694 1345 1914 1379 consur-

169 1430 299 1481 gere
344 1421 400 1466 et
446 1430 675 1465 numero
720 1421 885 1481 atque
929 1421 1113 1465 aetate
1157 1414 1389 1466 liberum
1442 1431 1666 1465 suorum
1718 1430 1912 1481 urgere

169 1500 496 1552 modestiam
525 1508 766 1563 senatUS,
798 1501 1029 1552 eandem
1057 1501 1169 1552 vim
1208 1500 1265 1551 in
1304 1517 1393 1552 me
1427 1500 1820 1562 transmittere,
1850 1517 1914 1552 ac

168 1586 318 1638 velut
345 1586 686 1655 perfringere
713 1587 996 1649 aerarium,
1027 1588 1172 1655 quod
1199 1587 1246 1639 si
1272 1587 1573 1638 ambitione
1609 1587 1916 1638 exhauseri-

43 1742 60 1753 ἡ
169 1691 308 1735 muS,
337 1691 435 1740 per
462 1673 671 1725 scelera
702 1674 1070 1741 supplendum
1107 1674 1222 1725 erit.

43 1801 55 1825 ς
105 1752 108 1754 ’
168 1760 327 1812 divus
355 1759 652 1827 Augustus
687 1760 994 1827 pecuniam,
1027 1755 1124 1812 sed
1163 1777 1273 1811 non
1314 1759 1672 1827 compellatus
1711 1776 1814 1811 nec
1852 1776 1917 1810 ea

1003 1847 1358 1914 Languescet
1397 1846 1601 1913 alioqui
1628 1844 1913 1906 industria,
1954 1856 1978 1891 6

168 1845 305 1914 lege,
337 1854 397 1898 ut
438 1856 659 1914 semper
683 1847 919 1899 daretur.

1305 1673 1477 1725 Dedit
1516 1673 1632 1735 tibi,
1665 1672 1912 1735 Hortale,
1953 1693 1976 1730 5

170 1932 492 1984 intendetur
519 1932 782 1995 socordia,
814 1932 862 1984 si
898 1933 1083 1984 nullus
1123 1950 1189 1984 ex
1229 1950 1288 1984 se
1327 1940 1508 1984 metus
1548 1939 1643 1983 aut
1683 1948 1825 1998 speS,
1861 1939 1916 1982 et

170 2019 348 2071 securi
387 2035 580 2070 omnes
619 2018 798 2070 aliena
837 2019 1082 2070 subsidia
1120 2019 1539 2086 exspectabunt,
1571 2017 1676 2069 sibi
1715 2017 1913 2085 ignavi,

567 2104 578 2124 ²

169 2105 327 2157 nobis
349 2122 559 2173 graveS.

224 2331 308 2376 38.
349 2334 601 2382 inclinatio,
647 2334 868 2388 favorable
924 2334 1004 2373 dis-

170 2389 365 2440 position.
831 2401 834 2404 ’

226 2443 608 2483 incitamentum=
674 2443 893 2495 explained
951 2444 1006 2495 by

171 2497 388 2537 Furneaux
401 2498 446 2536 in
466 2498 642 2537 relation
661 2503 705 2537 to
726 2499 1003 2550 promptius,

170 2555 261 2581 —“
274 2551 328 2591 he
348 2553 434 2592 had
452 2553 574 2591 made
595 2565 651 2604 up
677 2553 742 2591 his
770 2553 900 2599 mind,
921 2554 1005 2592 and

170 2606 315 2657 seeing
339 2607 411 2646 the
439 2607 657 2658 sympathy
676 2607 724 2646 of
747 2607 819 2646 the
847 2613 1003 2654 senate,

171 2660 304 2712 spoke
338 2666 381 2700 at
411 2674 516 2700 once
545 2661 688 2700 before
721 2662 753 2701 it
781 2662 867 2701 had
895 2674 1004 2713 gone

171 2719 242 2754 too
263 2715 363 2755 far.’'

227 2779 265 2809 2.
299 2782 375 2810 res
424 2771 622 2822 publica,
661 2771 725 2810 the
759 2771 905 2823 public
942 2785 1004 2809 re·

171 2837 330 2863 sources
353 2824 570 2877 (common
595 2825 786 2877 wealth).

227 2889 265 2929 3.
295 2880 454 2930 egredi
483 2909 493 2919 .
523 2909 534 2920 .
565 2909 575 2919 .
605 2880 902 2920 relationem:
936 2893 1005 2919 see

172 2938 271 2972 note
291 2947 347 2972 on
376 2940 471 2972 erat
496 2935 660 2986 quippe,
682 2945 746 2985 33.
771 2945 808 2982 2,
829 2935 914 2974 and
942 2948 1004 2973 re-

0 3007 3 3019 ·
57 2995 66 2997 ⁴
89 3016 94 3017 γ
171 2987 337 3035 lationi,
358 2989 392 3027 Ι.
418 2999 478 3039 13.
498 3001 537 3038 4.

227 3049 436 3103 senatus,
470 3043 759 3095 principum:
805 3042 1006 3093 objective

172 3097 386 3146 genitives.

228 3150 529 3192 indulserint:
560 3151 661 3190 with
679 3151 752 3190 the
772 3151 1006 3191 accusative

647 2106 805 2157 Haec
826 2113 991 2173 atque
1012 2106 1158 2168 talia,
1182 2122 1513 2173 quamquam
1536 2121 1661 2156 cum
1682 2120 1915 2155 assensu
1953 2125 1977 2159 7

23 2180 71 2251 ῗῖ,
169 2192 356 2243 audita
382 2193 450 2243 ab
478 2191 545 2243 iis
572 2192 772 2260 quibus
802 2192 986 2243 omnia
1023 2192 1350 2259 principum,
1380 2192 1616 2243 honesta
1640 2198 1806 2258 atque
1843 2189 1920 2240 in-

1091 2334 1139 2373 of
1162 2334 1233 2373 the
1253 2334 1374 2384 thing
1392 2334 1586 2384 granted3
1617 2333 1648 2371 it
1666 2332 1803 2371 would
1822 2331 1920 2371 take

1090 2402 1115 2428 a
1135 2389 1271 2428 dative
1292 2388 1340 2427 of
1353 2389 1424 2427 the
1443 2401 1608 2439 person.

1142 2456 1182 2493 4.
1207 2443 1504 2490 modestiam,
1517 2442 1694 2492 delicacy
1708 2442 1759 2494 of
1750 2441 1920 2494 feeling.

1145 2498 1440 2549 perfringere,
1461 2497 1586 2535 break
1604 2497 1652 2547 by
1660 2497 1777 2549 force
1797 2497 1896 2534 into.

1144 2552 1414 2599 ambitione,
1465 2551 1597 2590 desire
1651 2551 1704 2603 φ’·
1738 2550 1928 2602 gaining

1116 2621 1231 2647 aver.

1087 2608 1127 2661 f
1147 2672 1183 2714 5.
1212 2660 1538 2712 compellatus,
1568 2659 1813 2704 addressed,·
1858 2659 1920 2697 i.e.

1090 2717 1322 2768 requested.

1145 2771 1182 2810 6.
1213 2783 1270 2810 ex
1299 2782 1375 2809 se:
1408 2770 1516 2808 their
1543 2770 1676 2820 hopes
1705 2768 1788 2807 and
1815 2766 1922 2806 fears

1090 2825 1240 2864 should
1292 2825 1460 2876 depend
1512 2837 1624 2875 upon
1673 2823 1780 2862 their
1828 2834 1922 2860 own

1092 2880 1309 2919 exertions.

1148 2944 1184 2986 7.
1214 2935 1330 2973 haec
1359 2940 1499 2983 atque
1530 2932 1663 2972 talia:
1695 2931 1794 2981 they
1814 2942 1922 2968 were

1090 2988 1188 3027 wise
1222 2990 1304 3027 and
1343 2987 1483 3037 timely
1510 2987 1657 3032 words,
1686 2984 1924 3036 expressing

1091 3043 1162 3081 the
1210 3048 1298 3081 true
1346 3041 1549 3093 principle
1599 3040 1646 3078 of
1696 3037 1922 3078 charitable

1092 3098 1243 3136 action.

1147 3162 1447 3201 quamquam,
1487 3154 1589 3188 etc.:
1640 3147 1704 3187 for
1744 3145 1921 3186 Tacitus’

1913 245 1991 285 149
