2170 3488
197 245 308 288 A.D.
329 244 419 298 37.]
781 290 785 292 ,
994 247 1240 287 ANNALS.
1866 228 1869 231 .
1947 251 2029 294 403

199 381 336 449 cipis
371 380 490 432 dies
528 397 694 448 posse
718 380 912 444 vitari3
951 399 1115 449 quem
1154 360 1223 434 ad
1262 384 1485 435 modum
1524 401 1813 438 evasurum
1853 387 1947 438 im-

198 467 463 521 minentis
514 467 833 519 iuventam?
907 468 1020 530 An,
1067 486 1193 521 cum
1243 469 1500 522 Tiberius
1550 480 1677 538 post
1727 481 1941 526 tantam
1981 500 2007 535 4

196 572 379 609 rerum
408 553 803 621 experientiam
831 554 885 605 vi
924 555 1315 608 dominationis
1356 557 1652 610 convulsus
1692 567 1748 611 et
1776 569 1947 612 muta-

195 652 288 696 tus
334 642 422 704 sit,
474 640 673 693 Gaium
722 641 1016 693 Caesarem
1061 642 1153 694 vix
1196 643 1355 694 finita
1397 644 1646 711 pueritia,
1694 646 1944 714 ignarum

195 730 442 783 omnium
470 737 565 781 aut
607 729 863 797 pessimis
902 728 1250 792 innutritum,
1279 731 1505 784 meliora
1544 734 1945 800 capessiturum

198 819 460 871 Macrone
488 818 643 879 duce,
668 817 761 885 qui
789 824 849 868 ut
877 817 1118 869 deterior
1137 819 1206 869 ad
1232 820 1653 887 opprimendum
1683 821 1945 872 Seianum

195 905 444 958 delectus
471 904 630 973 plura
655 921 755 972 per
780 904 988 957 scelera
1013 923 1130 958 rem
1161 906 1436 974 publicam
1477 907 1946 959 conflictavisset?

197 995 554 1063 Prospectare
581 994 688 1047 iam
718 1012 779 1047 se
805 995 986 1048 acrius
1015 997 1313 1060 servitium,
1344 1014 1517 1065 eoque
1548 997 1742 1065 fugere
1781 996 1944 1048 simul
1983 1017 2007 1056 5

195 1089 319 1134 acta
345 1090 401 1134 et
428 1082 706 1134 instantia.
791 1083 949 1136 Haec
975 1084 1119 1135 vatis
1147 1084 1202 1134 in
1231 1085 1451 1135 modum
1490 1084 1751 1136 dictitans
1777 1101 1946 1135 venas

196 1168 434 1221 resolvit.
517 1169 871 1221 Documento
910 1169 1200 1238 sequentia
1238 1178 1399 1221 erunt
1438 1171 1582 1222 bene
1613 1170 1944 1222 Arruntium

196 1263 376 1307 morte
414 1272 589 1308 usum.
667 1255 950 1308 Albucilla
987 1256 1141 1308 irrito
1181 1256 1295 1308 ictu
1333 1255 1405 1308 ab'
1445 1265 1620 1308 semet
1658 1257 1944 1308 vulnerata
1983 1269 2007 1305 6

25 1343 33 1350 '
81 1370 86 1371 ν
154 1399 159 1401 ,
196 1342 352 1394 iussu
379 1350 606 1394 senatus
646 1342 703 1393 in
744 1359 1017 1394 carcerem
1057 1343 1244 1395 fertur.
1327 1343 1656 1410 Stuprorum
1697 1343 1815 1394 eius
1854 1343 1947 1394 mi-

196 1428 372 1492 nistri,
395 1428 678 1481 Carsidius
702 1429 972 1481 Sacerdos
994 1430 1301 1497 praetorius
1323 1438 1384 1481 ut
1411 1430 1468 1480 in
1496 1430 1732 1481 insulam
1760 1430 1946 1496 depor-

195 1526 422 1582 taretur,
460 1519 689 1571 Pontius
731 1519 1090 1587 Fregellanus
1131 1519 1408 1570 amitteret
1448 1519 1694 1570 ordinem
1735 1527 1947 1570 senato-

197 1605 354 1668 rium,
379 1613 435 1658 et
456 1606 682 1658 eaedem
709 1623 919 1673 poenae
947 1606 1003 1657 in
1028 1606 1276 1657 Laelium
1300 1606 1533 1657 Balbum
1555 1606 1942 1667 decernuntur,

111 1710 115 1713 ·
197 1691 252 1743 id
293 1692 514 1760 quidem
553 1709 586 1744 a
622 1692 975 1755 laetantibUS,
1018 1692 1146 1760 quia
1190 1693 1394 1744 Balbus
1444 1692 1587 1743 truci
1633 1692 1947 1759 eloquentia

197 1778 518 1841 habebatur,
548 1787 837 1847 promptus
864 1779 1155 1830 adversum
1182 1778 1447 1831 insontes,

273 1865 458 1917 Isdem
497 1865 692 1917 diebus
734 1865 856 1917 Sex,
902 1865 1160 1932 Papinius
1201 1865 1476 1917 consulari
1513 1865 1722 1916 familia
1759 1882 1948 1932 repen-
1967 1870 2030 1914 49

198 1951 378 2003 tinum
423 1959 480 2004 et
524 1951 815 2003 informem
862 1951 1070 2003 exitum
1116 1951 1340 2019 delegit,
1387 1951 1531 2003 iacto
1576 1951 1632 2002 in
1684 1968 1946 2018 praeceps

199 2046 468 2106 corpores
519 2037 702 2090 Causa
751 2039 820 2090 ad
866 2046 1098 2090 matrem
1145 2033 1499 2099 referebatur,
1549 2055 1687 2105 quae
1732 2038 1943 2105 pridem
1986 2061 2009 2086 2

199 2124 486 2192 repudiata
529 2125 1001 2177 assentationibus
1042 2133 1208 2192 atque
1252 2124 1383 2176 luxu
1427 2125 1759 2191 perpulisset
1805 2124 1948 2175 iuve-

199 2231 326 2266 nem
358 2215 427 2266 ad
459 2231 525 2266 ea
562 2231 793 2283 quorum
834 2214 1104 2282 effugium
1144 2231 1256 2265 non
1295 2213 1402 2265 nisi
1442 2222 1618 2265 morte
1657 2214 1942 2265 inveniret.

201 2300 382 2368 Igitur
418 2309 677 2354 accusata
714 2301 771 2352 in
811 2309 1022 2363 senam,
1061 2318 1391 2369 quamquam
1430 2318 1613 2368 genua
1650 2301 1821 2367 patris
1860 2301 1947 2352 ad·
1986 2325 2008 2361 3

197 2386 511 2439 volveretur
546 2387 868 2456 luctumque
908 2404 1257 2439 communem
1297 2396 1352 2438 et
1391 2387 1566 2455 magis
1611 2387 1945 2439 imbecillum

199 2473 298 2526 tali
335 2488 503 2542 super
540 2491 671 2526 casu
709 2471 1039 2526 feminarum
1079 2474 1322 2525 animum
1360 2473 1574 2541 aliaque
1613 2473 1670 2524 in
1712 2474 1946 2524 eundem

256 2669 573 2710 imminentis:
613 2682 665 2708 sc.
686 2670 907 2722 principis
919 2683 939 2716 ,·
970 2670 1033 2709 i.e.
1173 2667 1256 2712 49.
1308 2670 1414 2709 Sex.
1458 2668 1709 2719 Papinius:
1750 2667 1950 2719 probably

199 2723 400 2775 Caligula.
458 2723 522 2763 Cf.
542 2725 808 2764 imminentis
835 2725 1033 2772 dominos,
1121 2737 1198 2764 son
1218 2723 1266 2762 of
1280 2724 1350 2762 the
1371 2723 1516 2762 consul
1535 2722 1582 2760 of
1595 2733 1686 2761 A.D.
1709 2722 1761 2772 36
1781 2721 1867 2774 (40.
1889 2721 1948 2773 Ι).

200 2778 235 2816 Ῑ.
255 2790 295 2828 4.
317 2788 356 2829 3.
1174 2779 1318 2818 iacto:
1360 2777 1561 2830 probably
1593 2777 1698 2815 from
1731 2790 1786 2815 an
1819 2789 1949 2827 upper

253 2844 293 2883 4.
322 2845 431 2873 cum
457 2833 686 2882 Tiberius,
708 2839 810 2873 etc.:
843 2834 946 2873 Intr.
971 2844 1032 2883 14.
1117 2833 1308 2872 window.

256 2897 293 2940 5.
332 2894 438 2927 aeta
477 2895 523 2928 et
569 2889 807 2935 instantia,
845 2889 908 2927 tlte
936 2894 1038 2940 past
1173 2888 1221 2927 in
1242 2898 1477 2939 praeceps,
1496 2886 1820 2939 head-foremost.

200 2941 296 2981 and
324 2942 388 2981 tlte
415 2943 571 2996 future
583 2957 603 2989 ,·
646 2943 698 2982 cf.
727 2943 964 2994 praeterita
999 2948 1038 2981 et
1174 2953 1212 2981 2.
1241 2942 1507 2994 repudiata:
1549 2941 1612 2979 i.e.
1651 2940 1706 2991 by
1742 2940 1817 2979 her
1854 2939 1948 2979 hus-

201 2997 426 3045 instantia,
449 2999 524 3038 IV.
545 2998 610 3048 69.
629 3010 669 3047 4.
1117 2997 1244 3036 band.

255 3052 294 3092 6.
324 3054 589 3094 Carsidius:
621 3065 691 3092 see
714 3050 788 3092 IV.
813 3062 875 3103 13.
896 3062 934 3102 3.
1176 3062 1211 3102 3.
1242 3052 1412 3103 patris:
1445 3063 1513 3089 see
1534 3051 1644 3104 App.
1665 3050 1700 3089 Ι.

257 3108 471 3148 Laelium
495 3107 721 3148 Balbum:
753 3119 823 3146 see
841 3116 909 3158 47.
933 3117 968 3146 1.
1175 3107 1223 3145 in
1239 3107 1440 3145 eundem
1462 3105 1681 3151 dolorem,
1698 3105 1747 3142 in
1762 3104 1826 3142 tlte
1838 3117 1950 3141 same

255 3161 565 3203 laetantibus:
596 3174 648 3201 sc.
667 3161 936 3200 senatoribus.
1119 3161 1304 3212 pathetic
1322 3166 1413 3198 tone
1423 3173 1442 3205 ,·
1473 3160 1573 3198 Intr.
1597 3168 1645 3211 35
1670 3159 1699 3198 i.
