2170 3488
182 205 292 246 rm.
311 203 403 258 26]
971 207 1216 250 ANNALS.
1929 210 2010 254 323

154 339 319 394 ‘Eius
346 357 408 392 os
435 339 605 407 lapsis
643 349 874 408 repente
913 344 1057 396 saxis
1096 345 1278 397 obruit
1313 346 1578 414 quosdam
1606 347 1921 411 ministros;
1960 372 1985 409 3

181 425 310 479 hinc
338 433 520 477 metus
547 426 604 477 in
632 443 825 479 omnes
853 436 908 479 et
934 429 1070 497 fuga
1096 447 1284 482 eorum
1312 431 1405 499 qui
1437 433 1749 484 convivium
1792 434 1926 485 cele-

180 513 426 568 brabant.
500 511 734 565 Seianus
761 531 909 582 genu
934 516 1203 585 vultuque
1229 525 1286 569 et
1313 518 1570 570 manibus
1599 536 1765 587 super
1792 519 1925 571 Cae·
1960 544 1987 581 4

181 618 358 655 sarem
382 617 688 667 suspensus
709 602 966 669 opposuit
989 620 1113 655 sese
1132 604 1520 668 incidentibus,
1543 613 1708 674 atque
1734 606 1926 658 habitu

179 688 277 740 tali
303 695 558 755 repertus
585 695 671 740 est
697 705 730 739 a
756 688 1023 741 militibus
1052 691 1146 758 qui
1173 691 1419 743 subsidio
1444 700 1728 745 venerant.

254 774 434 826 Maior
459 791 527 826 ex
565 791 630 826 eo
670 782 743 837 et,
773 793 1104 844 quamquam
1145 777 1376 829 exitiosa
1414 779 1684 841 suaderet,
1714 786 1775 830 ut
1813 795 1924 830 non

181 860 267 913 sui
299 860 511 923 anxiuS,
543 878 669 913 cum
696 861 805 912 fide
844 862 1178 915 audiebatur.
1260 863 1753 933 Assimulabatque
1791 864 1924 916 iudi·
1961 886 1986 925 5

181 947 260 1000 cis
287 955 474 1015 partes
501 947 792 1020 adversum
822 947 1138 1001 Germanici
1165 949 1409 1018 stirpem,
1440 950 1675 1002 subditis
1715 950 1806 1019 qui
1844 967 1926 1002 ac-

181 1042 495 1088 cusatorum
524 1034 750 1085 nomina
776 1034 1116 1086 sustinerent
1143 1036 1486 1104 maximeque
1520 1036 1927 1089 insectarentur

184 1121 465 1173 Neronem
493 1121 801 1188 proximum
829 1121 1168 1173 successioni
1204 1130 1275 1184 et,
1306 1131 1639 1191 quamquam
1674 1123 1927 1174 modesta

182 1207 419 1270 iuventa,
465 1207 789 1275 plerumque
833 1215 1020 1259 tamen
1067 1208 1197 1276 quid
1242 1209 1751 1276 impraesentiarum
1803 1225 1926 1261 con-

182 1295 407 1347 duceret
434 1293 682 1356 oblitum,
713 1294 844 1346 dum
871 1311 904 1345 a
928 1294 1141 1346 libertis
1169 1303 1226 1346 et
1259 1295 1567 1357 clientibUS,
1597 1295 1926 1362 apiscendae

183 1381 465 1449 potentiae
491 1380 754 1449 properiS,
784 1381 1170 1432 exstimulatur
1195 1389 1256 1432 ut
1289 1390 1535 1433 erectum
1568 1389 1623 1433 et
1662 1382 1925 1432 fidentem

183 1467 351 1519 animi
390 1467 746 1520 ostenderet:
784 1467 927 1518 velle
967 1468 1022 1518 id
1061 1468 1324 1535 populum
1366 1469 1695 1530 Romanum,
1727 1484 1925 1534 cupere

183 1553 470 1616 exercituS,
519 1570 698 1621 neque
748 1570 1010 1604 ausurum
1063 1562 1256 1605 contra
1309 1554 1587 1618 Seianum,
1635 1554 1728 1621 qui
1778 1571 1926 1605 nunc

59 1675 63 1677 Α
111 1705 114 1709 ’
183 1639 506 1708 patientiam
559 1639 707 1691 senis
760 1647 815 1691 et
868 1640 1162 1707 segnitiam
1214 1631 1427 1691 iuvenis
1478 1640 1630 1692 iuxta
1680 1640 1920 1691 insultet.

187 1726 345 1779 Haec
389 1734 556 1794 atque
600 1726 732 1777 talia
772 1726 1020 1778 audienti
1058 1726 1194 1777 nihil
1233 1727 1452 1794 quidem
1492 1744 1689 1794 pravae
1728 1726 2011 1794 cogita-60

182 1812 366 1876 tioniS,
409 1813 505 1864 sed
544 1812 823 1864 interdum
862 1829 1026 1864 voces
1065 1814 1437 1880 procedebant
1476 1821 1831 1865 contumaces
1870 1819 1925 1864 et

184 1898 544 1961 inconsultae,
578 1917 714 1968 quas
755 1899 993 1966 appositi
1033 1900 1291 1951 custodes
1332 1907 1589 1966 exceptas
1629 1907 1927 1966 auctasque

184 2002 310 2038 cum
336 1986 616 2037 deferrent
643 2002 824 2053 neque
852 1985 1064 2036 Neroni
1091 1985 1387 2036 defendere
1415 1986 1649 2047 daretur,
1680 1985 1926 2036 diversae

185 2071 409 2140 insuper
453 2072 885 2124 sollicitudinum
930 2072 1140 2122 formae
1185 2071 1513 2123 oriebantur.
1596 2072 1741 2122 Nam
1787 2071 1923 2122 alius
1965 2094 1988 2119 2

185 2174 473 2211 occursum
501 2158 618 2210 eius
644 2158 835 2220 vitare,
865 2158 1086 2225 quidam
1121 2157 1452 2209 salutatione
1490 2157 1703 2209 reddita
1738 2156 1925 2208 statim

186 2245 373 2307 averti,
414 2244 662 2313 plerique
714 2244 997 2312 inceptum
1051 2260 1364 2295 sermonem
1416 2244 1757 2310 abrumpere,
1802 2242 1928 2294 insi-

239 2411 279 2451 4.
309 2400 650 2441 incidentibus:
683 2405 841 2440 neuter.

239 2467 338 2496 non
359 2456 435 2495 sui
455 2455 636 2502 anxius,
657 2454 951 2494 disinterested.

1094 2399 1183 2447 self,
1199 2398 1338 2439 would
1352 2398 1554 2451 probably
1570 2399 1676 2438 have
1692 2399 1858 2438 created
1873 2411 1929 2437 no

1094 2454 1317 2506 suspicion,
1338 2454 1412 2492 but
1435 2454 1585 2500 which,
1606 2454 1734 2492 taken
1761 2453 1804 2491 in
1831 2465 1928 2491 con-

242 2518 280 2562 5.
309 2510 480 2550 iudicis
510 2516 681 2562 partes,
709 2523 769 2548 an
797 2509 1025 2561 impartial

187 2564 372 2604 altitude.

242 2620 502 2672 potentiae:
530 2619 602 2658 the
618 2619 799 2670 genitive
815 2619 1023 2670 afterpro-

188 2680 331 2726 perus,
365 2673 497 2713 found
534 2673 577 2712 in
611 2687 636 2713 a
670 2673 749 2712 few
780 2674 899 2712 other
929 2686 1022 2725 pas·

187 2741 319 2780 sages,
352 2729 388 2768 is
419 2729 513 2768 best
545 2729 676 2767 taken
712 2741 758 2767 as
791 2727 1015 2778 objective3

188 2783 389 2835 although
426 2784 643 2822 Furneaux
679 2783 891 2822 considers
928 2782 960 2821 it
998 2794 1023 2821 a

188 2837 368 2889 genitive
402 2838 451 2878 of
479 2838 666 2885 relation,
697 2850 742 2877 as
769 2837 869 2876 with
894 2843 1023 2889 prae-

189 2892 339 2944 cfipuus
357 2893 442 2933 and
452 2894 628 2945 primus
651 2892 748 2945 (VI.
768 2903 807 2941 4.
826 2890 894 2942 Ἰ).

243 2954 449 2988 erectum
485 2978 495 2988 .
529 2977 540 2988 .
576 2977 586 2988 .
620 2948 909 2987 ostenderet:
971 2945 1024 2985 cf.

191 3007 400 3054 promptos
419 3008 679 3050 ostentavere,
700 3002 735 3041 I.
757 3011 821 3054 35.
843 3011 880 3051 3.
932 3001 1024 3039 The

190 3068 363 3108 passage
382 3057 518 3097 shows
537 3070 562 3096 a
582 3058 735 3107 degree
759 3056 807 3095 of
827 3055 1023 3094 indiscre-

190 3109 280 3151 tion
293 3124 350 3151 on
363 3111 435 3152 the
449 3116 542 3164 part
556 3111 604 3151 of
617 3111 732 3151 Nero
746 3110 896 3158 which,
909 3109 963 3160 by
975 3109 1024 3148 it-

1095 2508 1263 2547 nection
1286 2508 1386 2547 with
1415 2508 1480 2546 his
1508 2508 1705 2546 mother's
1732 2507 1930 2546 behavior

1098 2562 1190 2616 (eg.
1203 2573 1266 2616 54.
1281 2562 1345 2614 3),
1359 2562 1505 2601 served
1517 2567 1560 2600 to
1575 2561 1752 2600 alienate
1766 2561 1836 2600 the
1849 2574 1931 2599 em-

1094 2630 1216 2670 peror
1236 2618 1320 2656 and
1340 2617 1487 2655 hasten
1507 2617 1578 2655 the
1600 2616 1874 2667 catastrophe.

1150 2683 1400 2712 ausurum:
1447 2672 1518 2709 the
1553 2671 1739 2710 absolute
1778 2682 1849 2709 use
1886 2668 1935 2707 of

1095 2726 1228 2765 audeo
1261 2726 1295 2765 is
1329 2726 1519 2778 frequent
1556 2725 1601 2763 in
1631 2724 1818 2772 Tacitus3
1875 2722 1927 2762 ef.

1096 2782 1132 2822 I.
1157 2791 1218 2831 13.
1240 2791 1277 2820 2.

1150 2834 1232 2878 60.
1275 2835 1497 2882 audienti,
1506 2835 1625 2887 from
1643 2833 1746 2880 lzim,
1767 2837 1844 2872 etc.

1152 2890 1547 2930 sollicitudinum:
1575 2888 1714 2938 things
1733 2893 1776 2926 to
1797 2887 1928 2925 excite

1098 2945 1272 2995 anxiety.

1154 3010 1191 3039 2.
1240 2994 1581 3043 insistentibus,
1621 2997 1788 3047 coming·
1823 3001 1860 3034 to
1902 3009 1928 3033 a

1097 3053 1232 3100 stand,
1268 3052 1504 3091 contrasted
1540 3051 1639 3090 with
1677 3051 1796 3089 those
1834 3049 1929 3088 who

1098 3107 1276 3148 avoided
1295 3107 1395 3147 him.
