2170 3488
197 240 280 283 380
985 241 1239 282 TACITUS.
1768 244 1920 305 [Βοοιςι
1946 245 2025 286 VI.
2108 243 2111 278 ἰ

280 377 399 430 eius
437 376 713 445 descripta
756 393 856 444 per
893 377 1013 429 dies
1057 377 1233 441 iussit,
1275 396 1384 447 quo
1429 396 1540 431 non
1585 379 1733 432 aliud
1782 381 2023 434 atrocius
2105 366 2108 371 ¹

221 488 244 515 2
281 463 495 518 visum:
550 463 795 515 astitisse
846 471 930 515 tot
980 479 1080 530 per
1149 480 1324 516 annos
1376 466 1469 534 qui
1519 468 1732 519 vultum
1783 468 2024 534 gemitus

280 550 557 602 occultum
602 549 768 601 etiam
814 567 1060 601 murmur
1099 549 1432 617 exciperent,
1474 558 1530 602 et
1570 550 1817 617 potuisse
1859 568 2021 604 avum

279 636 467 688 audire
505 636 689 703 legere
728 635 784 686 in
822 635 1103 702 publicum
1143 653 1394 703 promere
1419 637 1508 688 vix
1546 637 1699 699 fides,
1730 637 1839 688 nisi
1877 638 2023 705 quod
2098 666 2103 670 v
2140 635 2141 638 ’

280 722 427 774 Attii
467 721 804 782 centurionis
844 729 899 772 et
941 721 1168 791 Didymi
1206 722 1390 774 liberti
1428 723 1698 789 epistulae
1743 740 2022 794 servorum

278 809 503 860 nomina
529 807 930 875 praeferebant,
960 815 1020 860 ut
1048 808 1169 876 quis
1197 809 1577 876 egredientem
1605 809 1854 861 cubiculo
1883 810 2024 861 Dru-

218 919 242 956 3
282 912 404 956 sum
438 894 751 962 pulsaverat
791 902 1145 946 exterruerat.
1227 895 1413 946 Etiam
1445 912 1545 946 sua
1573 895 1743 947 verba
1773 895 2023 947 centurio

278 980 540 1033 saevitiae
566 980 742 1048 plena,
773 988 1054 1048 tamquam
1082 980 1381 1048 egregium,
1410 998 1685 1049 vocesque
1712 981 2023 1034 deficientis

278 1067 565 1128 adiecerat,
615 1066 736 1134 quis
787 1066 963 1134 primo
1018 1066 1425 1135 [alienationem
1477 1067 1680 1119 mentis
1732 1067 2020 1136 simulans]
2102 1070 2103 1075 ’

277 1153 433 1222 quasi
472 1170 569 1220 per
606 1153 943 1204 dementiam
980 1153 1206 1204 funesta
1243 1153 1483 1215 Tiberio,
1512 1171 1652 1216 mOX,
1695 1154 1788 1205 ubi
1827 1171 2022 1222 exspes

276 1240 424 1314 vitae
450 1240 571 1301 fuit,
602 1239 896 1291 meditatas
936 1239 1378 1307 compositasque
1416 1240 1561 1291 diras
1600 1240 2019 1307 imprecabatur,
2078 1294 2085 1298 ,,

278 1334 354 1389 ut,
385 1343 549 1394 quem
575 1326 644 1377 ad
683 1326 906 1377 modum
945 1343 1144 1377 nurum
1179 1326 1461 1394 filiumque
1495 1326 1680 1378 fratris
1709 1334 1764 1378 et
1791 1334 2023 1395 nepotes

278 1414 611 1481 domumque
662 1429 883 1464 omnem
937 1412 1196 1464 caedibus
1242 1413 1647 1480 complevisset,
1695 1413 1773 1465 ita
1816 1430 2022 1481 poenas

215 1524 241 1559 4
280 1499 488 1551 nomini
514 1499 815 1567 generique
841 1499 1108 1550 maiorum
1142 1506 1196 1550 et
1235 1499 1474 1566 posteris
1514 1499 1831 1551 exsolveret.
1884 1499 2023 1552 Ob·
2118 1570 2123 1574 .

276 1587 575 1638 turbabant
614 1586 835 1653 quidem
875 1593 1062 1652 patres
1102 1586 1286 1652 specie
1326 1586 1674 1649 detestandi;
1720 1586 1818 1637 sed
1861 1602 2024 1654 pene·
2084 1619 2095 1650 ρ
2137 1593 2138 1596 ’

277 1673 458 1724 trabat
510 1689 678 1740 pavor
729 1679 785 1723 et
836 1671 1140 1734 admiratiO,
1188 1672 1444 1724 callidum
1490 1673 1619 1724 olim
1665 1680 1721 1724 et
1765 1672 2039 1741 tegendis
2084 1720 2086 1732 ἱ
2134 1705 2136 1710 f

279 1759 578 1811 sceleribus
620 1759 918 1814 obscurum
961 1758 1068 1810 huc
1114 1758 1481 1810 confidentiae
1518 1758 1739 1811 venisse
1783 1766 1844 1810 ut
1889 1766 2023 1812 tam·
2089 1750 2092 1758 ’

277 1862 441 1914 quam
487 1845 710 1896 dimotis
754 1844 1062 1912 parietibus
1101 1845 1422 1896 ostenderet
1468 1853 1727 1912 nepotem
1769 1845 1872 1897 sub
1909 1862 2024 1897 ver·

277 1933 409 1984 bere
460 1931 812 1993 centurionis,
861 1931 1007 1983 inter
1056 1948 1336 1984 servorum
1388 1931 1531 1983 ictus
1583 1939 1829 1984 extrema
1875 1931 2035 1986 vitae*
2083 1964 2085 1967 -

278 2015 540 2067 alimenta
563 2015 770 2066 frustra
795 2022 1058 2066 orantem.
1710 2059 1717 2066 ,
2081 2083 2083 2086 .

194 2104 256 2150 25
352 2099 613 2149 Nondum
653 2097 700 2149 is
732 2097 885 2148 dolor
916 2098 1227 2149 exoleverat
1257 2115 1383 2150 cum
1421 2099 1490 2150 de
1528 2097 1841 2165 Agrippina
1878 2097 2024 2149 audi·
2076 2130 2079 2131 ν
2125 2126 2127 2131 «

277 2192 411 2246 tum,
442 2201 605 2252 quam
632 2183 927 2235 interfecto
957 2183 1159 2236 Seiano
1187 2201 1285 2252 spe
1314 2191 1682 2236 sustentatam
1719 2183 2030 2251 provixisse·
2105 2221 2108 2223 ,

279 2287 414 2332 reor,
445 2277 500 2321 et
527 2277 819 2337 postquam
859 2269 996 2320 nihil
1035 2270 1104 2322 de
1144 2270 1372 2321 saevitia
1406 2270 1807 2332 remittebatur,
1838 2269 2023 2321 volun·
2086 2314 2088 2316 ,

277 2364 394 2408 tate
422 2356 767 2418 exstinctam,
798 2355 904 2407 nisi
931 2355 1221 2424 sinegatis
1247 2356 1527 2407 alimentis
1554 2355 1907 2407 assimulatus
1935 2362 2021 2407 est
2077 2398 2079 2402 ,

217 2467 241 2492 2
280 2442 404 2494 finis
451 2441 544 2510 qui
581 2441 862 2492 videretur
907 2450 1106 2508 sponte
1151 2450 1418 2509 sumptus.
1519 2441 1818 2493 Enimvero
1862 2441 2023 2494 Tibe-

279 2529 391 2580 rius
441 2527 776 2580 foedissimis
829 2527 1305 2580 criminationibus
1357 2528 1573 2590 exarsit,
1622 2527 2019 2595 impudicitiam
2072 2544 2075 2547 ⁴

331 2655 414 2700 24.
455 2656 689 2708 descripta
718 2669 800 2709 per
819 2657 945 2697 dies:
979 2658 1042 2697 τῖε.
1063 2658 1107 2696 in

275 2712 346 2752 the
367 2712 472 2751 form
492 2711 539 2751 of
553 2724 578 2750 a
598 2712 726 2762 diary.

330 2777 368 2806 2.
397 2766 490 2806 nisi
519 2766 671 2817 quod:
705 2766 776 2805 the
806 2765 1005 2806 evidence
1024 2779 1108 2806 was

274 2826 345 2861 too
364 2826 508 2872 strong
526 2826 570 2860 to
589 2820 642 2859 be
664 2821 860 2860 doubted.

329 2887 367 2927 3.
396 2875 731 2916 alienationem
763 2875 937 2916 mentis
962 2876 1105 2916 simu-

273 2931 402 2972 lans:
429 2931 529 2971 held
547 2933 602 2984 by
617 2938 724 2972 most
740 2938 783 2971 to
799 2933 851 2971 be
867 2945 891 2970 a
906 2931 1107 2983 marginal

274 2987 383 3038 gloss
389 3001 402 3036 ;
432 2987 497 3027 his
514 2993 747 3027 utterances
763 3000 832 3026 are
848 2999 962 3025 more
981 2986 1107 3038 likely

274 3047 318 3081 to
337 3042 442 3082 have
461 3043 570 3082 been
590 3055 615 3081 a
634 3042 790 3081 violent
813 3041 979 3093 passion
1008 3041 1107 3080 akin

273 3100 318 3135 to
347 3095 486 3147 frenzy
510 3096 673 3148 (quasi
692 3108 774 3148 per
793 3094 1100 3147 dementiam)

395 3162 421 3189 a
440 3155 634 3203 pretence
654 3149 702 3189 of
716 3150 919 3190 madness-

1245 2658 1601 2710 complevisset:
1621 2671 1645 2697 a
1660 2654 1850 2708 zeugma,
1873 2658 2020 2698 under·
2070 2662 2073 2663 ’
2102 2647 2103 2650 “

1191 2713 1313 2752 stand
1334 2713 1601 2766 interfecisset
1618 2712 1717 2751 with
1737 2723 1921 2759 nurum,
1942 2717 2020 2751 etc.
2095 2721 2116 2759 “,

1191 2767 1434 2819 Agrippina,
1473 2766 1678 2815 however,
1719 2779 1804 2806 was
1842 2771 1917 2805 not
1953 2770 2021 2818 yet

1192 2822 1637 2926 dezaobmrbabam’
1672 2875 1949 2928 interrupted,
1976 2875 2019 2916 in
2068 2892 2070 2894 ·

1191 2932 1262 2972 the
1282 2933 1464 2983 reading.
1523 2931 1584 2971 Cf.
1606 2932 1687 2972 111.
1710 2942 1773 2982 34.
1793 2941 1832 2978 J.

1245 2987 1489 3027 callidum:
1524 2987 1588 3026 i.e.
1607 2986 1808 3026 Tiberius.
2059 3006 2063 3007 ν

1245 3042 1462 3092 tegendis
1483 3041 1760 3081 sceleribus:
1792 3041 1892 3079 Intr.
1915 3049 1965 3092 35
1974 3039 2014 3092 fi
2085 3039 2091 3049 ⁴

1247 3093 1328 3138 25.
1369 3096 1607 3135 auditum:
1645 3095 1747 3134 used
1779 3093 2011 3145 absolutely,
2058 3118 2064 3139 ;

1190 3172 1245 3179 -
1258 3163 1368 3190 news
1385 3163 1472 3189 was
1492 3149 1636 3189 heard.
