2170 3488
187 223 266 266 168

973 223 1228 264 TACITUS.
1770 223 1922 276 [Boon
1950 226 2010 266 11.

271 367 463 414 contra
497 361 666 412 decus
700 359 936 411 Romani
970 358 1208 410 nominis
1241 375 1352 410 non
1380 358 1762 412 Athenienses
1794 368 1878 412 tot
1911 361 2013 412 cla-

270 447 430 499 dibus
457 446 780 507 exstinct08‚
808 446 906 497 sed
933 445 1223 497 colluviem
1250 445 1397 497 illam
1425 446 1712 497 nationum
1752 446 2012 499 comitate

271 533 440 585 nimia
484 532 783 584 coluisset:
842 531 943 583 hos
990 531 1137 583 enim
1183 547 1307 583 esse
1360 531 1700 583 Mithridatis
1751 533 2013 584 adversus

274 619 498 680 Sullam,
555 617 793 669 Antonii
856 617 1118 669 adversus
1181 617 1367 669 divum
1429 618 1778 686 Augustum·
1816 618 2008 671 socios

276 706 459 758 Etiam
481 711 671 756 vetera
691 703 1019 765 obiectabat,
1044 719 1183 771 quae
1210 703 1266 754 in
1296 704 1630 756 Macedones
1658 704 2010 772 improspere,

271 793 541 844 violenter
566 791 622 841 in
659 807 788 841 suos
815 789 1097 852 fecissent,
1128 790 1378 842 offensus
1405 791 1526 842 urbi
1553 791 1771 858 propria
1797 807 2013 859 quoque
2084 822 2098 866 3

271 880 364 942 ira,
389 878 515 946 quia
541 876 910 944 Theophilum
939 877 1214 944 quendam
1242 876 1394 928 Areo
1421 876 1621 951 iudicio
1647 877 1772 928 falsi
1798 877 2015 929 damna-

273 974 389 1017 tum
422 963 678 1032 precibus
711 963 825 1014 suis
857 979 969 1014 non
1002 963 1383 1015 concederent.
1465 963 1627 1015 Exim
1662 962 2014 1031 navigatione

270 1051 434 1104 celeri
461 1067 558 1117 per
587 1049 856 1119 Cycladas
886 1057 940 1100 et
975 1049 1301 1116 compendia
1334 1049 1500 1101 maris
1535 1049 1856 1117 adsequitur
1883 1049 2015 1102 Ger·
2092 1043 2095 1046 ’

271 1137 547 1190 manicum
584 1136 729 1203 apud
764 1135 1000 1187 insulam
1039 1136 1315 1196 Rhodum,
1349 1135 1496 1187 haud
1533 1135 1780 1188 nescium
1813 1135 2012 1204 quibus

270 1222 733 1275 insectationibus
773 1221 982 1288 petitus
1021 1221 1200 1274 foret:
1258 1222 1356 1273 sed
1395 1229 1552 1273 tanta
1590 1222 2014 1274 mansuetudine

269 1311 468 1377 agebat
510 1316 587 1370 ut,
627 1325 752 1359 cum
789 1315 910 1359 orta
943 1315 1251 1375 tempestas
1287 1316 1502 1375 raperet
1536 1307 1592 1359 in
1623 1309 1858 1375 abrupta
1894 1325 2014 1376 pos-

271 1404 465 1463 setque
491 1394 747 1446 interitus
774 1393 982 1446 inimici
1008 1395 1078 1445 ad
1104 1411 1294 1446 casum
1316 1394 1523 1457 referri,
1544 1394 1755 1446 miserit
1776 1381 2014 1446 triremis

273 1499 502 1551 quarum
542 1480 788 1533 subsidio
828 1480 1132 1532 discrimini
1171 1480 1514 1533 eximeretur.
1596 1481 1792 1548 Neque
1826 1489 2009 1532 tamen

270 1569 556 1635 mitigatus
585 1567 725 1629 Piso,
756 1574 812 1618 et
839 1566 929 1618 vix
955 1566 1063 1618 diei
1095 1583 1304 1618 moram
1331 1583 1628 1634 perpessus
1655 1567 1855 1635 linquit
1885 1567 2015 1620 Ger-

270 1654 545 1706 manicum
564 1652 971 1721 praevenitque.
1038 1654 1112 1704 Et
1133 1661 1427 1721 postquam
1447 1653 1664 1706 Suriam
1681 1671 1745 1706 ac
1766 1654 2012 1722 legiones
2033 1711 2038 1714 ,

270 1740 471 1808 attigit,
502 1739 794 1807 largitione
829 1739 1040 1791 ambitu
1066 1739 1285 1791 infimos
1312 1739 1732 1807 manipularium
1759 1740 2011 1802 iuvandO,
2086 1740 2092 1755 ²

271 1845 395 1880 cum
440 1834 660 1877 veteres
711 1826 1080 1888 centuriones,
1129 1843 1351 1878 severos
1401 1826 1653 1878 tribunos
1698 1827 2013 1879 demoveret
2093 1818 2098 1821 ’

269 1914 498 1981 locaque
537 1929 726 1964 eorum
766 1912 1062 1964 clientibus
1102 1913 1217 1964 suis
1249 1913 1334 1964 vel
1375 1913 1672 1964 deterrimo
1707 1913 1905 1981 cuique
1939 1921 2034 1965 at-
2086 1923 2090 1932 ²

270 2000 554 2060 tribueret,
574 1998 839 2050 desidiam
862 1998 918 2049 in
940 1999 1150 2061 castriS,
1169 1999 1449 2051 licentiam
1472 1999 1528 2050 in
1549 1999 1794 2062 urbibuS,
1812 2017 2013 2068 vagum
2103 2066 2106 2067 ⁷

271 2103 334 2138 ac
365 2084 746 2137 lascivientem
778 2101 877 2152 per
901 2101 1064 2152 agros
1097 2085 1330 2137 militem
1359 2085 1581 2147 sineret,
1611 2102 1677 2138 eo
1703 2102 1878 2153 usque
1905 2103 2015 2138 cor·
2077 2079 2113 2126 .'

269 2252 324 2302 by
361 2263 503 2299 name;
553 2249 625 2290 the
657 2251 907 2303 reproaches
944 2251 1104 2302 against

269 2306 341 2345 the
375 2306 457 2356 city
485 2305 731 2357 necessarily
760 2305 956 2346 reflected
990 2319 1104 2358 upon

269 2360 552 2400 Germanicus.

324 2415 576 2454 colluviem
640 2414 767 2453 illam
828 2415 1099 2454 nationum:

270 2469 576 2508 Demosthenes
592 2469 820 2520 upbraided
840 2469 903 2508 his
919 2475 1105 2520 country-

268 2536 366 2562 men
395 2523 458 2561 for
478 2523 584 2562 their
604 2523 829 2562 lavishness
858 2523 901 2562 in
930 2524 1103 2562 bestow-

269 2578 342 2628 ing
370 2577 623 2628 citizenship.
684 2578 734 2615 In
763 2577 866 2616 later
895 2579 995 2629 days
1023 2578 1104 2617 this

269 2632 466 2684 privilege
487 2644 570 2670 was
591 2631 742 2683 openly
762 2631 864 2671 sold.

324 2687 554 2726 adversus
588 2686 791 2726 Sullam:
829 2686 991 2726 Athens
1019 2699 1103 2726 was

270 2741 473 2792 occupied
510 2741 682 2792 forcibly
720 2742 775 2791 by
815 2741 1095 2789 Mithridates;

269 2795 619 2847 oppugnabantur
637 2796 688 2834 ab
708 2796 869 2840 amicis,
885 2802 924 2834 et
939 2797 1104 2835 animos

269 2856 388 2888 extra
404 2851 582 2898 moenia,
596 2856 766 2901 corpora
782 2850 1010 2889 necessitati
1020 2864 1101 2889 ser-

269 2906 423 2943 vientes
447 2906 566 2944 intra
592 2918 732 2943 muros
749 2905 952 2943 habebant
973 2905 1101 2955 (Vell.

270 2960 357 2998 Pat.
375 2960 431 2999 II.
450 2959 541 3010 23).
590 2960 670 2998 For
689 2959 795 2998 their
813 2959 1102 2998 subservience

268 3019 312 3052 to
332 3015 515 3064 Antony,
537 3014 746 3064 Augustus
767 3013 964 3064 deprived
987 3013 1102 3052 them

269 3067 317 3106 of
341 3068 412 3106 the
431 3067 630 3120 privilege
654 3067 702 3107 of
722 3067 869 3119 selling
887 3067 994 3107 their
1013 3067 1101 3107 citi-

269 3122 453 3175 zenship.

1238 2262 1274 2292 2.
1305 2258 1478 2300 vetera,
1517 2251 1626 2292 their
1662 2252 1837 2292 ancient
1870 2252 2014 2292 misde-

1182 2320 1386 2353 mamers,
1400 2330 1452 2335 —
1466 2306 1572 2345 their
1596 2306 1826 2346 feebleness
1855 2307 2014 2358 against

1182 2361 1330 2412 Philip,
1352 2361 1458 2399 their
1486 2360 1672 2411 injustice
1701 2362 1877 2401 towards
1902 2361 2013 2401 Aris·

1180 2415 1287 2454 tides
1306 2416 1389 2454 and
1409 2415 1560 2455 others.

1235 2471 1357 2509 Areo
1396 2470 1631 2509 iudicio:
1650 2470 1759 2509 Arei
1774 2471 1883 2522 pagi
1901 2469 2012 2510 iudi-

1180 2524 1254 2571 cio,
1275 2525 1323 2575 by
1342 2537 1368 2562 a
1377 2524 1605 2576 judgynent
1621 2526 1673 2578 of
1682 2525 1745 2564 the
1762 2527 2014 2578 Areopagum

1179 2579 1250 2618 the
1271 2579 1386 2617 chief
1401 2585 1519 2618 court
1538 2579 1586 2618 of
1599 2579 1773 2620 Athens.

1234 2633 1353 2680 falsi,
1380 2634 1566 2686 fhrgery.

1234 2698 1272 2738 3.
1301 2689 1582 2739 compendia
1614 2689 1780 2728 maris:
1827 2688 1881 2728 cf.
1911 2702 2012 2728 com-

1170 2743 1344 2794 pendiis
1362 2744 1551 2790 viarum,
1574 2744 1608 2783 Ι.
1630 2744 1694 2794 63.
1715 2743 1753 2783 6.

1233 2804 1436 2849 raperet:
1468 2811 1518 2838 sc.
1538 2800 1745 2838 Pisonem.

1231 2863 1271 2901 4.
1301 2859 1485 2892 veteres
1543 2854 1851 2900 centuriones,
1903 2858 2008 2893 etc.:

1178 2905 1277 2945 here
1311 2907 1364 2945 he
1398 2913 1509 2946 went
1541 2908 1706 2959 beyond
1738 2908 1802 2947 his
1839 2921 2012 2960 powers,
2080 2901 2103 2961 ᾗ.

1178 2973 1223 2999 as
1243 2961 1313 2999 the
1333 2962 1623 3013 appointment
1649 2962 1698 3005 of
1720 2963 1836 3001 these
1857 2961 2013 3001 officers
2075 2964 2102 2996 ἓν

1178 3014 1386 3065 belonged
1407 3016 1648 3067 exclusively
1663 3022 1707 3056 to
1722 3017 1792 3056 the
1810 3030 2010 3068 emperor.

1179 3069 1353 3108 Momm.
1374 3071 1492 3109 R‘o'm.
1515 3071 1572 3110 St.
1594 3071 1651 3110 11.
1675 3070 1765 3122 798.

1233 3123 1479 3173 desidiam,
1500 3130 1603 3166 etc.:
1635 3137 1705 3165 see
1725 3125 1808 3166 ΙΙΙ.
1832 3135 1893 3176 13.
1915 3135 1952 3175 3.
