2170 3488
204 190 314 231 ΑΔ).
334 190 428 244 22.]

986 195 1231 236 ANNALS.
1947 199 2029 242 259

278 326 594 379 Adversum
646 345 786 396 quae
829 330 1087 382 disseruit
1134 331 1375 384 Caesar:
1414 350 1526 384 non
1571 335 1790 402 quidem
1837 336 1940 387 sibi
1980 360 2003 396 3

205 411 399 481 ignara
435 430 576 480 quae
613 414 683 465 de
723 413 910 466 Silano
936 417 1320 484 vulgabantur,
1350 419 1447 470 sed
1486 436 1598 471 non
1637 436 1705 472 ex
1729 438 1944 473 rumore

208 500 576 552 statuendum.

677 500 885 552 Multos
931 502 988 553 in
1032 504 1327 570 provinciis
1373 514 1565 557 contra
1608 523 1770 574 quam
1817 524 1942 574 spes

206 593 301 637 aut
339 593 521 637 metus
560 586 628 637 de
666 586 772 638 illis
810 587 992 651 fuerit,
1035 590 1248 657 egisse3
1300 591 1525 642 excitari
1570 593 1835 659 quosdam
1875 594 1944 644 ad

207 671 434 724 meliora
483 672 863 740 magnitudine
913 692 1112 738 rerum,
1167 677 1467 729 hebescere
1518 678 1666 730 alios.

198 766 371 827 'posse
407 759 712 827 principem
758 778 857 812 sua
902 762 1133 814 scientia
1176 771 1376 832 cuncta
1419 764 1723 831 complecti,
1766 781 1943 833 neque

206 846 463 914 expedire
507 854 568 898 ut
612 846 913 899 ambitione
957 848 1136 900 aliena
1179 850 1441 903 trahatur.

205 933 354 985 facta
391 933 670 995 constitui,
701 933 828 1001 quia
862 934 1051 986 futura
1089 935 1142 986 in
1183 935 1395 987 incerto
1436 935 1559 988 sint.

1746 680 1942 747 Neque
1980 704 2005 739 4

1523 851 1653 902 Ideo
1691 851 1842 918 leges
1884 851 1940 903 in
1980 873 2003 912 5

1642 936 1733 988 Sic
1769 954 1801 988 a
1838 954 1944 988 ma-

205 1019 411 1072 ioribus
438 1020 754 1071 institutum
792 1027 868 1082 ut,
899 1020 946 1071 si
972 1020 1245 1072 antissent
1278 1021 1491 1083 delicta,
1521 1039 1732 1089 poenae
1758 1039 1944 1090 seque-

205 1113 409 1159 rentur.

518 1107 607 1158 Ne
656 1114 937 1158 verterent
1002 1107 1282 1174 sapienter
1331 1116 1547 1175 reperta
1608 1116 1664 1160 et
1727 1126 1943 1176 semper
1981 1123 2006 1159 6

199 1192 438 1261 ‚placita3
478 1192 613 1245 satis
641 1209 870 1244 onerum
897 1193 1253 1260 principibus,
1284 1194 1417 1245 satis
1446 1194 1611 1246 etiam
1645 1195 1939 1262 potentiae.

207 1279 388 1332 Minui
414 1279 546 1343 iura,
577 1279 833 1348 quotiens
872 1280 1070 1347 gliscat
1109 1288 1373 1347 potestas,
1404 1297 1506 1332 nec
1545 1282 1811 1332 utendum
1850 1281 1946 1332 im-

205 1366 371 1434 peri0‚
399 1366 494 1418 ubi
519 1366 736 1434 legibus
763 1366 852 1434 agi
878 1366 1067 1432 possit.

1149 1367 1372 1434 Quanto
1412 1367 1583 1418 rarior
1607 1368 1752 1434 apud
1782 1367 1943 1419 Tibe-
1980 1392 2005 1427 7

205 1452 360 1504 rium'
411 1452 761 1520 popularitaS,
827 1460 984 1504 tanto
1047 1452 1367 1504 laetioribus
1431 1452 1630 1505 animis
1698 1461 1939 1520 accepta.

205 1538 396 1606 Atque
423 1539 514 1590 ille
541 1539 782 1606 prudens
811 1539 1145 1600 moderandi,
1177 1539 1223 1590 si
1250 1539 1468 1606 propria
1497 1539 1577 1590 ira
1615 1556 1726 1590 non
1758 1539 1943 1606 impel-
1982 1553 2004 1588 8

204 1624 422 1687 leretur,
452 1625 661 1677 addidit
688 1625 923 1676 insulam
954 1625 1198 1694 Gyarum
1232 1626 1499 1676 immitem
1540 1633 1594 1676 et
1635 1625 1754 1676 sine
1793 1625 1943 1677 cultu

19 1719 25 1722 ·
96 1739 98 1741 >
123 1763 126 1765 ,
200 1710 488 1775 hominum
515 1728 672 1764 esse:
710 1712 904 1763 darent
935 1712 1124 1762 Iuniae
1155 1711 1396 1763 familiae
1434 1719 1489 1763 et
1516 1711 1632 1762 viro
1670 1712 1943 1778 quondam

204 1797 408 1849 ordinis
461 1798 722 1860 eiusdem,
771 1806 831 1849 ut
879 1798 1162 1867 Cythnum
1207 1797 1390 1864 potius
1437 1798 1778 1849 concederet.

1878 1798 2005 1856 Id9

204 1900 445 1936 sororem
473 1901 690 1953 quoque
720 1884 893 1937 Silani
920 1886 1271 1951 Torquatam‚
1300 1884 1512 1951 priscae
1547 1883 1942 1935 sanctimoniae

203 1969 488 2038 virginem,
520 1978 791 2038 expetere.

866 1971 932 2021 In
959 1970 1101 2022 hanc
1129 1970 1460 2021 sententiam
1487 1969 1938 2021 factadiscessiO.

277 2057 407 2109 Post
434 2057 608 2109 auditi
637 2057 1003 2127 CyrenenseS,
1034 2065 1089 2108 et
1117 2065 1410 2108 accusante
1437 2055 1718 2107 Anchario
1760 2055 1943 2106 Prisco
1967 2061 2026 2106 70

206 2142 435 2196 Caesius
476 2143 691 2196 Cordus
730 2144 1157 2211 repetundarum
1199 2144 1501 2194 damnatur.

259 2344 297 2385 3.
325 2347 422 2374 non
451 2347 508 2375 ex
541 2347 751 2376 rumore:
793 2335 847 2373 he
875 2347 960 2373 was
992 2340 1035 2382 to

203 2387 256 2428 be
293 2390 501 2442 punished
539 2390 602 2428 for
635 2390 802 2441 specific
841 2389 1034 2435 offences,

203 2449 281 2483 not
298 2457 354 2482 on
373 2444 626 2494 theground
646 2444 694 2482 of
717 2457 850 2494 vague
870 2449 1020 2495 report.

257 2509 296 2547 4.
326 2499 594 2546 ambitione,
617 2499 834 2550 intrzgrues.

261 2562 298 2604 7.
326 2553 637 2604 popularitas:
675 2559 750 2591 not
774 2553 1034 2604 populari&

203 2605 278 2646 but
306 2620 331 2646 a
363 2607 609 2659 disposition
643 2607 851 2646 favorable
886 2612 929 2646 to
964 2608 1033 2645 the

131 2655 134 2657 Ὗ
203 2661 434 2713 people‚-—
446 2662 693 2700 democratic
712 2662 914 2712 leanings.

259 2714 296 2755 8.
339 2717 545 2768 prudens
583 2717 890 2756 moderandi:
934 2717 1034 2754 Intr.

206 2778 255 2822 35
277 2783 308 2809 e-

259 2825 497 2875 quondam
518 2826 694 2865 ordinis
715 2825 953 2864 eiusdem:
983 2837 1034 2863 sc.

203 2880 407 2917 senatorii
414 2893 434 2925 ‚·
457 2880 594 2918 which
615 2880 719 2918 rank
739 2879 793 2917 he
812 2879 896 2918 had
915 2879 1006 2918 lost.

260 2933 518 2983 Cythnum:
541 2947 565 2973 a
579 2934 713 2984 larger
728 2933 874 2980 island,
891 2946 1035 2972 nearer

206 2985 374 3027 Greece.

259 3051 298 3091 9.
326 3042 507 3093 priscae
536 3072 547 3082 .
577 3071 586 3080 .
619 3073 628 3082 .
657 3042 912 3092 virginem:
954 3046 1035 3080 two

204 3095 411 3146 pedestals
442 3097 550 3136 have
582 3097 693 3136 been
722 3097 963 3136 discovered
992 3095 1036 3134 in

1590 2142 1650 2193 L.
1697 2141 1939 2192 Ennium
1980 2164 2003 2190 2

1114 2334 1185 2373 the
1206 2333 1336 2384 newly
1355 2334 1576 2372 excavated
1595 2333 1770 2371 Atrium
1796 2333 1942 2379 Vestae,

1113 2389 1211 2427 with
1232 2388 1493 2438 inscriptions
1513 2387 1701 2436 showing
1729 2387 1817 2425 that
1847 2387 1943 2436 they

1114 2444 1340 2494 supported
1359 2447 1513 2480 statues
1533 2441 1580 2479 of
1594 2441 1675 2479 this
1690 2441 1836 2488 vesta13
1867 2441 1940 2479 she

1115 2498 1148 2536 is
1177 2498 1292 2535 there
1323 2496 1455 2535 called
1485 2496 1620 2534 lunia
1654 2496 1695 2534 C.
1725 2495 1871 2533 Silam·
1886 2495 1940 2547 f,

1114 2553 1197 2590 and
1207 2552 1282 2589 her
1292 2550 1379 2589 title
1391 2551 1509 2588 reads
1520 2551 1603 2588 vz'r.
1615 2555 1706 2588 vest.
1716 2549 1940 2595 maximae,

1114 2607 1185 2645 the
1215 2605 1414 2655 adjective
1443 2604 1630 2654 showing
1657 2604 1747 2642 that
1766 2604 1839 2641 she
1858 2615 1941 2641 was

1114 2661 1185 2699 the
1206 2660 1345 2710 eldest·
1358 2659 1404 2697 of
1428 2659 1498 2697 the
1518 2658 1684 2708 virgins,
1705 2658 1787 2696 and
1807 2657 1941 2695 there-

1115 2715 1202 2753 fore
1240 2714 1432 2765 presided
1467 2726 1563 2750 over
1595 2713 1665 2750 the
1699 2712 1908 2762 collegium
1920 2724 1940 2756 ,·

1115 2782 1194 2807 one
1233 2768 1281 2806 of
1323 2768 1392 2806 the
1431 2767 1705 2817 inscriptions,
1742 2765 1941 2803 sacerdoti

1114 2823 1259 2862 vestali
1291 2822 1422 2860 annis
1455 2822 1589 2867 lxiiii,
1624 2820 1757 2858 shows
1790 2819 1865 2857 her
1896 2824 1940 2857 to

1114 2878 1219 2916 have
1239 2878 1347 2915 been
1368 2882 1409 2914 at
1428 2875 1530 2913 least
1545 2879 1712 2924 seventy
1725 2885 1841 2923 years
1856 2872 1939 2912 old.

1112 2933 1280 2983 Jordan,
1300 2932 1392 2969 Der
1421 2930 1462 2968 T
1456 2929 1587 2980 empel
1605 2928 1679 2965 der
1709 2929 1822 2967 Vesta
1852 2926 1948 2966 und

1114 2986 1188 3024 das
1205 2986 1331 3024 Haus
1349 2985 1422 3022 der
1454 2983 1731 3029 Vestalinnen,
1750 2995 1790 3033 p.
1810 2991 1876 3034 45.

1171 3038 1249 3082 70.
1290 3040 1607 3089 Cyrenenses:
1662 3036 1732 3075 the
1780 3035 1939 3075 inhabi-

1114 3099 1223 3134 tants
1244 3093 1291 3132 of
1306 3093 1375 3132 the
1395 3092 1569 3131 modern
1587 3091 1731 3131 Barca.
