2170 3488
157 211 267 252 A.D.
288 209 379 263 26.]
949 210 1196 251 ANNALs.
1904 212 1986 254 313

157 354 288 407 tare,
317 345 538 396 trahere
564 345 810 411 praedaS,
841 346 971 396 dum
999 345 1280 412 populatio
1307 346 1486 397 lucem
1513 346 1658 398 intra
1686 346 1902 398 sistere-

156 441 248 484 tur
273 439 602 498 noctemque
640 430 697 481 in
736 431 931 483 castris
970 439 1148 482 tutam
1189 439 1244 483 et
1271 432 1493 499 vigilem
1528 440 1893 499 capesserent.

160 518 226 570 Id
249 517 426 585 primo
454 523 767 568 servatum:
806 534 933 568 mox
969 518 1114 569 versi
1154 518 1211 568 in
1250 517 1436 569 luxum
1476 526 1533 570 et
1570 518 1742 586 raptis
1770 535 1897 586 opu·
1936 543 1958 579 3

156 604 291 656 lenti
317 603 574 655 omittere
601 603 887 666 stationeS,
917 603 1142 656 lascivia
1167 604 1452 671 epularum
1479 613 1574 656 aut
1610 621 1803 657 somno
1842 613 1899 657 et

156 691 295 743 vino
309 690 684 757 procumbere.

78 848 82 851 ἡ
184 814 192 820 .
231 777 409 845 Igitur
452 777 645 828 hostes
690 776 902 828 incuria
946 793 1135 828 eorum
1183 785 1466 844 comperta
1515 778 1623 829 duo
1674 777 1897 845 agmina
1935 804 1959 838 4

156 871 363 931 parant,
393 880 624 931 quorum
652 863 828 915 altero
855 863 1206 930 populatores
1234 864 1637 926 invaderentur,
1667 865 1756 915 alii
1788 882 1899 917 cas-

156 958 242 1003 tra
267 951 522 1002 Romana
547 958 945 1017 appugnarent,
976 967 1088 1001 non
1127 967 1226 1017 spe
1265 951 1531 1017 capiendi,
1562 951 1659 1003 sed
1698 960 1760 1002 ut
1800 951 1901 1003 cla-

81 1027 88 1034 ’
156 1052 307 1088 more
331 1036 457 1088 telis
485 1053 584 1088 suo
606 1036 838 1104 quisque
859 1036 1101 1103 periculo
1124 1037 1373 1088 intentus
1396 1054 1650 1089 sonorem
1672 1038 1898 1090 alterius

156 1123 348 1191 proelii
375 1140 486 1175 non
511 1123 801 1190 acciperet.
869 1124 1159 1175 Tenebrae
1186 1124 1413 1191 insuper
1433 1124 1680 1176 delectae
1701 1142 1900 1193 augen-
1936 1149 1958 1185 5

156 1211 279 1262 dam
305 1210 372 1262 ad
399 1209 763 1262 formidinem.
846 1209 957 1262 Sed
990 1210 1083 1277 qui
1109 1211 1308 1262 vallum
1348 1210 1629 1278 legionum
1669 1219 1900 1278 tempta-

79 1334 82 1362 ;
156 1297 304 1359 bant,
344 1296 507 1348 facile
545 1287 857 1364 pelluntur3
902 1297 1214 1348 Thraecum
1254 1297 1455 1348 auxilia
1492 1297 1784 1364 repentino
1823 1298 1900 1348 in-

156 1400 320 1436 cursu
346 1383 555 1445 territa,
585 1401 711 1435 cum
750 1400 876 1450 pars
916 1383 1319 1435 munitionibus
1356 1383 1684 1446 adiacerent,
1714 1383 1899 1451 plures

67 1478 78 1522 ἶ
155 1477 311 1522 extra
335 1470 664 1537 palarentur,
694 1477 853 1521 tanto
883 1469 1156 1521 infensius
1196 1469 1358 1531 caesi,
1388 1477 1595 1537 quanto
1634 1470 1899 1538 perfugae

59 1589 74 1596 ·›
156 1563 212 1609 et
237 1556 544 1624 proditores
575 1557 721 1608 ferre
759 1562 912 1608 arma
948 1557 1016 1607 ad
1057 1573 1216 1607 suum
1258 1556 1575 1623 patriaeque
1615 1556 1898 1607 servitium

73 1691 75 1694 .
154 1642 562 1695 incusabantur.
668 1643 896 1694 Postera
939 1642 1028 1694 die
1082 1642 1321 1694 Sabinus
1373 1642 1674 1694 exercitum
1726 1659 1900 1710 aequo
1920 1649 1982 1692 49

74 1757 79 1763 ·
113 1724 116 1727 ’
154 1728 274 1782 loco
302 1729 561 1791 ostendit,
585 1729 631 1781 si
652 1730 869 1781 barbari
897 1745 1160 1781 successu
1189 1729 1370 1781 noctis
1397 1729 1604 1780 alacres
1631 1729 1899 1795 proelium

76 1843 81 1846 ·
155 1816 434 1868 auderent.
516 1816 590 1867 Et
617 1823 910 1884 postquam
939 1816 1169 1868 castello
1196 1823 1291 1867 aut
1319 1814 1629 1867 coniunctis
1668 1815 1895 1867 tumulis
1938 1839 1960 1863 2

156 1919 267 1954 non
293 1902 771 1971 degrediebantur,
802 1902 1074 1954 obsidium
1104 1902 1285 1969 coepit
1322 1918 1419 1968 per
1444 1901 1729 1968 praesidia,
1759 1918 1898 1968 quae

130 1996 463 2056 ‚opportune
490 1988 598 2040 iam
631 1988 916 2040 muniebat
938 2006 950 2052 3
989 1988 1117 2040 dein
1155 1989 1364 2040 fossam
1404 1986 1737 2055 loricamque
1776 2004 1900 2039 con-

155 2082 349 2128 texens
394 2083 655 2143 quattuor
694 2075 845 2127 milia
888 2092 1151 2142 passuum
1197 2074 1407 2126 ambitu
1453 2073 1735 2140 amplexus
1781 2082 1898 2137 est3

155 2168 274 2213 tum
311 2162 591 2230 paulatim,
634 2169 694 2214 ut
736 2179 933 2230 aquam
978 2161 1349 2229 pabulumque
1394 2160 1647 2227 eriperet,
1689 2167 1899 2212 contra-

155 2248 286 2301 here
317 2248 556 2301 claustra
592 2256 820 2317 artaque
860 2248 1231 2310 circumdare3
1271 2255 1327 2300 et
1367 2247 1683 2298 struebatur
1708 2262 1894 2314 agger,

83 2326 86 2327 ⁷
155 2335 302 2387 unde
351 2351 483 2387 saxa
531 2335 725 2387 hastae
776 2335 934 2403 ignes
986 2334 1354 2403 propinquum
1406 2332 1514 2384 iam
1564 2332 1621 2383 in
1677 2332 1895 2384 hostem

153 2505 319 2556 Tacitus
347 2516 556 2556 describes
583 2515 655 2556 the
684 2527 911 2568 war-songs
942 2514 990 2554 of
1068 2515 1289 2554 traitorous
1314 2518 1584 2563 countrymen
1611 2512 1712 2551 than
1740 2511 1899 2564 against

155 2570 226 2609 the
245 2570 458 2619 Germans,
481 2572 620 2611 Germ.
642 2581 679 2622 3.
1069 2570 1140 2609 the
1163 2570 1359 2607 Romans.

209 2623 292 2668 48.
333 2636 370 2676 3.
402 2627 462 2673 id,
483 2626 585 2664 these
603 2626 836 2664 directions.
1123 2622 1206 2666 49.
1240 2634 1276 2662 2.
1306 2622 1523 2662 castello:
1556 2631 1622 2673 47.
1644 2631 1681 2672 3.

209 2691 379 2720 somno
399 2687 444 2721 et
463 2681 599 2720 vino:
632 2693 657 2718 a
676 2680 918 2731 hendiadys‚
931 2702 986 2708 —
1123 2678 1370 2730 praesidia,
1393 2676 1586 2715 redoubts.

155 2747 183 2772 a
203 2734 397 2774 drunken
415 2736 517 2786 sleep
528 2749 547 2781 ,·
575 2734 626 2774 cf.
642 2735 767 2786 Verg.
784 2737 889 2774 Aen.
907 2734 983 2774 IX.
1123 2733 1339 2772 loricam:
1373 2731 1564 2782 properly
1580 2730 1650 2768 the
1665 2729 1778 2768 work
1799 2742 1897 2768 con·

161 2787 249 2839 189.
1068 2788 1249 2827 structed
1276 2792 1318 2825 to
1346 2785 1587 2835 strengthen
1616 2785 1686 2823 the
1715 2784 1898 2835 palisade

210 2853 247 2895 5.
291 2844 634 2884 munitionibus
691 2844 980 2884 adiacerent:
1075 2841 1297 2894 (vallum),
1318 2841 1417 2879 here
1447 2840 1548 2878 used
1577 2839 1639 2877 for
1668 2838 1738 2876 the
1764 2838 1898 2876 whole

156 2898 392 2950 explaining
410 2899 481 2938 the
507 2899 778 2938 carelessness
807 2898 854 2937 of
878 2898 985 2937 their
1068 2896 1335 2935 breastwork.
1390 2895 1492 2933 This
1520 2906 1603 2932 was
1637 2893 1898 2931 constructed

155 2953 304 2999 watch,
320 2953 501 3004 —lying
538 2954 697 2992 around
735 2953 896 2992 instead
943 2951 991 2990 of
1070 2951 1175 2990 from
1198 2950 1374 2989 redoubt
1397 2955 1440 2987 to
1466 2948 1653 2994 redoubt,
1675 2947 1847 2997 making
1874 2959 1899 2985 a

156 3007 350 3058 standing
367 3010 517 3058 guard;
554 3008 606 3047 cf.
627 3008 662 3047 Ι.
683 3007 748 3059 65.
774 3018 808 3046 1.
1070 3005 1317 3044 continuous
1355 3002 1705 3042 circumvallation
1739 3001 1898 3040 enclos-

210 3068 400 3112 quanto‚
430 3063 479 3101 in
501 3062 750 3114 proportion
779 3075 826 3100 as
836 3075 855 3107 ,·
889 3061 987 3111 they
1070 3060 1143 3111 ing
1162 3060 1232 3098 the
1254 3059 1432 3097 fortress.

156 3125 263 3155 were
299 3128 415 3156 more
451 3116 652 3156 incensed
684 3116 847 3168 against
879 3115 987 3155 their
1125 3114 1351 3154 claustra:
1392 3112 1464 3151 the
1502 3110 1679 3150 fortified
1710 3110 1795 3149 line
1828 3110 1898 3149 de-
