2170 3488
183 251 264 293 362

202 653 233 700 5

202 1949 233 2065 5³

208 2139 232 2338 l

973 251 1228 294 TAcrms,
1762 250 1915 304 [Boon
1939 253 2013 295 vi.

244 384 540 441 'marcidus
570 397 624 441 et
658 389 728 440 ob
768 388 1063 456 segnitiam
1104 387 1354 456 quamvis
1395 387 1672 440 crudelem
1711 388 2014 455 principem

269 492 379 526 non
424 482 679 527 metuens
725 474 1030 525 illustribus
1069 473 1200 525 viris
1252 473 1553 541 perniciem
1598 473 1743 525 inter
1780 491 2015 542 ganeam

268 578 331 613 ac
359 569 548 628 stupra
574 561 957 612 meditabatur.

345 647 506 699 Exim
539 647 707 699 Cotta
746 647 1096 708 MessalinuS,
1127 646 1480 698 saevissimae
1508 647 1771 715 cuiusque
1799 655 2018 699 senten-

267 733 377 785 tiae
415 740 606 785 auctor
637 750 812 801 eoque
847 732 1155 784 inveterata
1193 732 1410 794 invidia,
1441 732 1535 784 ubi
1574 733 1811 800 primum
1849 733 2017 786 facul-

267 828 353 871 tas
380 821 521 882 data,
545 819 794 887 arguitur
813 819 1073 886 pleraque
1101 819 1158 870 in
1181 818 1240 871 C.
1267 819 1561 871 Caesarem
1589 819 1745 887 quasi
1772 820 2015 872 incertae

267 906 560 968 virilitatis,
591 913 646 957 et
687 923 811 957 cum
851 906 940 957 die
978 905 1148 956 natali
1187 905 1483 973 Augustae
1523 906 1668 957 inter
1699 907 2014 958 sacerdotes

269 992 596 1060 epularetur,
639 992 1023 1044 novendialem
1070 1009 1191 1043 eam
1238 1009 1432 1044 cenam
1478 992 1713 1056 dixisse;
1759 1010 2016 1060 querens-

268 1096 373 1147 que
411 1080 479 1131 de
518 1079 770 1146 potentia
798 1078 893 1130 M’.
925 1078 1119 1146 Lepidi
1159 1096 1223 1130 ac
1253 1080 1314 1130 L.
1347 1078 1617 1141 Arruntii,
1648 1096 1773 1131 cum
1813 1080 2014 1148 quibus

269 1166 338 1217 ob
378 1183 493 1217 rem
533 1165 903 1233 pecuniariam
944 1165 1306 1232 disceptabat,
1345 1165 1655 1218 addidisse:
1699 1166 1863 1218 ‘Illos
1902 1167 2016 1234 qui-

271 1253 394 1304 dem
417 1260 659 1314 senatUS,
684 1269 773 1303 me
795 1260 981 1303 autem
1004 1252 1252 1303 tuebitur
1271 1251 1584 1305 Tiberiolus
1606 1251 1796 1305 meus,'
1856 1253 2015 1321 Quae

269 1346 468 1391 cuncta
493 1355 525 1390 a
550 1338 880 1406 primoribus
910 1338 1149 1390 civitatis
1177 1338 1576 1401 revincebatur,
1607 1339 1784 1406 iisque
1810 1338 2015 1395 instan-

267 1425 416 1477 tibus
451 1426 519 1477 ad
557 1425 944 1493 imperatorem
984 1425 1312 1492 provocavit.
1396 1425 1516 1477 Nec
1555 1425 1729 1476 multo
1767 1433 1894 1493 post
1932 1425 2015 1476 lit-

268 1520 421 1563 terae
448 1512 788 1574 adferuntur,
818 1511 1016 1579 quibus
1044 1511 1101 1562 in
1128 1512 1352 1563 modum
1392 1511 1748 1573 defensioniS,
1778 1511 2014 1579 repetito

268 1597 412 1650 inter
438 1615 498 1650 se
520 1606 685 1666 atque
710 1598 933 1650 Cottam
955 1598 1230 1649 amicitiae
1255 1598 1524 1665 principio
1552 1597 1868 1666 crebrisque
1896 1598 2013 1650 eius

268 1685 462 1737 officiis
494 1684 952 1746 commemoratis,
982 1701 1053 1735 ne
1079 1685 1249 1736 verba
1285 1701 1450 1752 prave
1490 1685 1707 1736 detorta
1744 1702 1852 1736 neu
1892 1702 2037 1737 con--
2091 1680 2120 1723 ’ἒ

266 1771 525 1823 vivalium
575 1771 884 1823 fabularum
942 1770 1265 1838 simplicitas
1329 1771 1385 1822 in
1447 1771 1656 1822 crimen
1719 1772 2014 1823 duceretur

267 1858 579 1925 postulavit.

345 1944 572 2012 Insigne
597 1945 777 1996 visum
806 1952 890 1996 est
919 1961 1106 1996 earum
1137 1944 1388 1996 Caesaris
1415 1945 1724 1996 litterarum
1760 1944 2012 2009 initium;

212 2079 214 2103 ᾗ
268 2048 394 2082 narn
422 2031 507 2083 his
534 2031 716 2083 verbis
745 2048 970 2082 exorsus
999 2039 1117 2083 est:
1153 2037 1165 2058 ‘
1186 2031 1334 2098 Quid
1362 2031 1598 2082 scribam
1626 2031 1796 2092 vobiS‚
1826 2038 2012 2098 patres
2087 2020 2110 2034 ⁴

269 2117 580 2184 conscripti,
611 2125 705 2168 aut
733 2134 840 2185 quo
868 2118 1030 2168 modo
1058 2117 1294 2169 scribam
1334 2124 1427 2168 aut
1468 2117 1598 2184 quid
1636 2117 1861 2169 omnino
1900 2134 2011 2169 non

268 2203 500 2254 scribam
555 2204 660 2255 hoc
711 2212 975 2270 tempore,
1031 2203 1085 2254 di
1136 2220 1224 2254 me
1276 2204 1518 2270 deaeque
1569 2203 1726 2270 peius
1778 2204 2012 2270 perdant
2087 2196 2112 2270 ζ’

270 2305 433 2357 quam
459 2289 636 2357 perire
668 2306 758 2340 me
791 2289 992 2341 cotidie
1033 2289 1228 2351 sentio,
1258 2289 1304 2341 si
1343 2288 1490 2341 scio,’
1568 2289 1730 2340 Adeo
1767 2290 2012 2342 facinora
2091 2284 2094 2286 ’

322 2460 359 2503 5.
381 2451 601 2502 quamvis
622 2450 880 2490 erudelemz
908 2451 973 2489 his
991 2450 1097 2502 slug·

265 2504 358 2556 gish
377 2510 522 2544 nature
541 2517 625 2544 was
644 2505 867 2543 insensible
888 2510 931 2544 to
952 2505 1049 2544 sear.

319 2557 367 2602 5.
407 2560 545 2600 Cotta
576 2559 892 2599 Messalinus:
934 2572 1002 2598 see
1037 2559 1095 2599 II.

266 2624 331 2665 32.
353 2624 389 2653 2.

320 2669 545 2708 incertae:
578 2681 647 2708 see
667 2669 778 2720 App.
799 2668 834 2708 I.

320 2724 393 2764 die
414 2724 559 2763 natali
579 2724 846 2774 Augustae:
879 2723 971 2775 Jan.
992 2733 1056 2773 30.

319 2779 662 2826 novendialem,
718 2778 911 2831 funeral
967 2779 1093 2831 feast,

265 2833 500 2873 celebrated
534 2847 590 2873 on
624 2835 696 2873 the
730 2833 848 2872 ninth
883 2834 963 2883 day
991 2832 1094 2871 after

265 2889 405 2927 death.
501 2890 593 2930 The
641 2890 817 2929 allusion
863 2889 939 2927 has
984 2888 1094 2927 been

264 2944 467 2996 variously
486 2945 768 2998 interpreted3
809 2945 880 2984 the
910 2944 1094 2996 simplest

265 2999 528 3051 explanation
566 3000 601 3040 is
638 3006 682 3040 to
720 2999 826 3040 refer
862 2999 894 3039 it
932 3005 975 3038 to
1022 2999 1093 3038 the

265 3053 405 3104 gloom
423 3054 560 3094 which
579 3054 790 3106 prevailed
810 3054 853 3093 in
873 3054 955 3093 this
978 3053 1093 3104 reign

266 3107 314 3147 of
328 3114 468 3147 terror.
525 3109 802 3161 Nipperdey's
831 3108 1093 3160 explanation

265 3161 300 3201 is
328 3162 418 3202 that
446 3175 470 3201 a
498 3162 683 3215 banquet
711 3174 766 3201 on
800 3162 872 3202 the
902 3161 1094 3212 birthday

1182 2450 1230 2489 of
1253 2463 1278 2489 a
1298 2451 1501 2490 deceased
1530 2463 1681 2503 person
1700 2451 1794 2489 who
1824 2450 1909 2490 had
1939 2455 2012 2490 not

1180 2505 1289 2543 been
1332 2505 1482 2545 deified
1519 2517 1603 2544 was
1650 2505 1828 2556 nothing
1873 2505 1948 2544 but
1987 2518 2012 2545 a
2098 2535 2105 2559 3
2164 2555 2169 2560 .

1181 2558 1340 2598 funeral
1361 2559 1476 2599 feast.

1237 2612 1316 2654 M’.
1339 2614 1505 2665 Lepidi
1525 2626 1579 2654 ae
1602 2615 1654 2653 L.
1678 2614 1909 2654 Arruntii:
1941 2627 2011 2654 see

1180 2668 1215 2708 I.
1241 2678 1300 2719 13.
1326 2679 1342 2707 1
1367 2669 1450 2707 and
1471 2679 1549 2708 2n.

1235 2733 1272 2762 2.
1302 2735 1422 2774 quae
1445 2730 1637 2763 cuneta:
1671 2724 1891 2763 construed
1910 2723 2010 2763 with
2060 2726 2063 2727 ⁷

1178 2778 1513 2818 revincebatur.

1233 2833 1579 2873 revincebatur:
1614 2839 1713 2873 note
1734 2833 1804 2872 the
1832 2832 1943 2872 force
1968 2832 2014 2872 of
2071 2867 2075 2875 .

1179 2888 1249 2927 the
1270 2889 1484 2940 imperfect
1497 2890 1611 2928 —lze
1629 2903 1716 2929 was
1734 2904 1788 2928 on
1809 2888 1872 2927 the
1885 2888 2014 2940 point

1178 2945 1230 2997 os
1246 2944 1370 2996 being
1395 2945 1655 2984 condemned.
1729 2945 1790 2984 Cf.
1821 2944 2011 2990 aberant,
2090 2947 2097 2951 “

1178 2999 1213 3038 I·
1233 3010 1525 3106 gfrhisslril'citas,
1536 3054 1724 3107 freedom
1745 3055 1798 3107 of
1803 3053 1950 3106 speech.

1232 3106 1281 3151 6.
1322 3108 1435 3159 quid
1483 3109 1699 3156 scribam,
1739 3114 1841 3147 etc.:
1892 3108 2009 3147 these

1177 3163 1324 3209 words,
1355 3163 1550 3214 reported
1584 3162 1669 3201 also
1702 3162 1757 3213 by
1787 3162 2010 3202 Suetonius

2060 3112 2090 3193 {2

2058 3180 2092 3255 35

2056 3259 2086 3292 a

2057 3303 2069 3362 ἓ

2056 3363 2084 3395 3

2048 3396 2085 3488 {l

2064 3068 2093 3118 ³3(-

2071 3252 2083 3278 ἃ(

2074 3352 2083 3363 ,
