2170 3488
217 760 243 806 1

1010 588 1249 642 LIBER
1299 587 1406 644 III.

362 757 516 809 Nihil
545 757 861 809 intermissa
886 757 1240 826 navigatione
1276 758 1492 811 hiberni
1530 758 1697 811 maris
1724 759 2038 827 Agrippina

291 843 585 913 Corcyram
638 844 873 895 insulam
924 844 1230 906 advehitur,
1282 845 1445 897 litora
1496 845 1782 897 Calabriae
1845 853 2038 897 contra
2106 901 2108 903 ,

290 931 468 982 sitam.
567 929 688 982 Illic
726 948 930 998 paucos
969 931 1086 983 dies
1133 932 1514 998 componendo
1559 931 1743 983 animo
1789 931 2032 994 insumit,

288 1017 531 1068 Violenta
580 1017 732 1068 luctu
783 1025 838 1068 et
890 1017 1081 1069 nescia
1127 1017 1414 1070 tolerandi.
1515 1018 1747 1069 Interim
1792 1019 2034 1070 adventu
2094 1019 2095 1022 ’

290 1103 406 1154 eius
433 1104 620 1155 audito
646 1103 875 1155 intimus
915 1104 1146 1172 quisque
1185 1105 1483 1156 amicorum
1524 1112 1579 1156 et
1619 1104 1865 1172 plerique
1903 1103 2037 1155 mili-

288 1197 451 1251 tareS,
481 1197 542 1241 ut
569 1189 771 1257 quique
799 1190 902 1241 sub
932 1189 1261 1241 Germanico
1301 1190 1577 1257 stipendia
1612 1190 1874 1252 fecerant,
1904 1189 2038 1241 mul-

289 1275 442 1344 tique
470 1275 636 1327 etiam
669 1276 845 1343 ignoti
872 1276 1066 1328 vicinis
1106 1293 1136 1328 e
1175 1276 1503 1343 municipiiS,
1533 1293 1659 1343 pars
1698 1276 1938 1328 officium
1978 1275 2035 1327 in

289 1362 593 1429 principem
639 1363 757 1424 rati,
807 1362 989 1429 plures
1040 1363 1162 1414 illos
1214 1363 1405 1424 secuti,
1454 1379 1612 1414 ruere
1662 1364 1731 1414 ad
1775 1363 2035 1430 oppidum
2103 1424 2106 1425 ⁷

291 1449 660 1511 Brundisium,
702 1450 847 1516 quod
886 1449 1169 1516 naviganti
1214 1449 1560 1501 celerrimum
1601 1448 2038 1516 fidissimumque
2092 1506 2095 1507 ⁷

289 1535 524 1603 appulsu
563 1543 693 1588 erat.
774 1535 965 1603 Atque
1006 1536 1099 1587 ubi
1138 1536 1374 1603 primum
1414 1553 1480 1587 ex
1518 1536 1629 1586 alto
1666 1535 1786 1586 visa
1824 1535 2031 1596 classis,

291 1622 639 1689 complentur
689 1639 797 1672 non
853 1623 1013 1673 modo
1065 1630 1257 1689 portus
1304 1630 1360 1673 et
1411 1622 1657 1689 proxima
1706 1621 1885 1683 mariS,
1939 1621 2041 1695 sed*
2107 1667 2109 1670 .

290 1708 507 1760 moenia
532 1726 595 1760 ac
622 1716 786 1770 tecta,
817 1725 1032 1776 quaque
1062 1708 1386 1776 longissime
1424 1708 1763 1776 prospectari
1802 1715 2032 1775 poterat,
2096 1731 2100 1737 ¹

290 1795 845 1846 maerentium·turba
871 1803 926 1846 et
954 1795 1314 1862 rogitantium
1355 1795 1500 1846 inter
1526 1811 1600 1856 se,
1631 1794 1926 1846 silentione
1964 1811 2034 1845 an
2102 1846 2105 1847 γ

288 1898 424 1933 voce
455 1881 636 1949 aliqua
674 1881 1051 1949 egredientem
1091 1881 1422 1948 exciperent.
1503 1882 1699 1948 Neque
1738 1880 1871 1932 satis
1911 1897 2035 1932 con-

291 1969 473 2019 stabat
501 1967 631 2035 quid
657 1985 755 2034 pro
781 1975 1033 2035 tempore
1059 1965 1218 2030 foret,
1249 1985 1374 2019 cum
1402 1967 1593 2019 classis
1620 1967 1883 2034 paulatim
1920 1983 2036 2018 suc-

291 2054 474 2116 cessit,
522 2071 633 2105 non
679 2054 858 2116 alacri,
907 2062 967 2105 ut
1013 2054 1239 2115 adsolet,
1288 2054 1534 2121 remigio,
1576 2054 1674 2105 sed
1713 2038 1927 2105 cunctis
1967 2054 2035 2104 ad
2106 2050 2116 2055 ”

290 2140 574 2192 tristitiam
620 2140 954 2207 compositis,
1055 2141 1350 2207 Postquam
1397 2141 1611 2192 duobus
1657 2157 1783 2191 cum
1827 2139 2028 2202 liberis,
2093 2143 2099 2148 '

289 2226 516 2278 feralem
544 2244 737 2277 urnam
764 2234 980 2289 tenenS,
1011 2243 1236 2295 egressa
1266 2226 1391 2278 navi
1430 2227 1618 2278 defixit
1657 2226 1858 2287 ocUIOS,
1888 2216 2032 2277 idem
2097 2239 2100 2242 ·

290 2313 535 2364 omnium
575 2312 817 2380 gemitus
839 2330 850 2376 ;
896 2329 1075 2380 neque
1113 2313 1454 2364 discerneres
1493 2312 1770 2379 proximos
1808 2312 2032 2375 alienOS,

289 2399 528 2451 virorum
579 2398 980 2450 feminarumve
1031 2399 1300 2465 planctuS‚
1355 2399 1461 2450 nisi
1512 2399 1659 2466 quod
1710 2398 2032 2450 comitatum
2088 2394 2096 2401 ’
2139 2451 2142 2470 ·‚

345 2565 395 2611 1.
436 2567 710 2618 Corcyram:
750 2568 890 2621 Corsa,
918 2568 988 2607 the
1017 2574 1125 2608 most
1257 2568 1573 2608 celerrimum
1617 2568 2034 2618 fidissimumque,

289 2623 513 2674 important
533 2622 580 2661 of
595 2623 666 2661 the
686 2622 836 2661 Ionian
856 2622 1022 2662 islands.
1203 2623 1385 2675 quickest
1419 2623 1515 2661 and
1547 2623 1679 2676 safest.
1772 2623 2035 2662 Brundisium

344 2677 607 2718 Calabriae:
631 2676 712 2715 this
732 2689 868 2724 name,
888 2677 1011 2727 given
1032 2690 1126 2716 now
1203 2677 1450 2729 (Brindisi)
1476 2690 1559 2716 was
1579 2677 1650 2716 the
1670 2677 1831 2728 regular
1853 2682 1948 2728 port
1972 2677 2036 2716 for
2110 2676 2111 2680 ’

289 2738 332 2771 to
362 2732 433 2770 the
462 2731 762 2770 southwestern
785 2738 1054 2783 promontory
1082 2731 1130 2770 of
1202 2732 1346 2771 transit
1366 2733 1555 2771 between
1576 2732 1682 2783 Italy
1701 2732 1784 2771 and
1804 2731 1976 2771 Greece.

289 2787 407 2838 Italy,
422 2799 507 2826 was
527 2785 695 2838 applied
714 2785 768 2836 by
788 2786 859 2825 the
880 2787 1067 2825 ancients
1081 2792 1124 2825 to
1258 2798 1295 2837 3.
1335 2788 1502 2826 maris:
1536 2787 1726 2839 partitive
1745 2786 1939 2838 genitive.

288 2841 360 2880 the
398 2842 685 2882 southeastern
729 2842 896 2894 portion
934 2842 1125 2894 opposite
1257 2843 1414 2881 turba:
1449 2842 1639 2880 ablative.

288 2895 468 2936 Greeee·
493 2897 524 2936 it
542 2897 742 2937 hasbeen
758 2896 1007 2936 transferred
1019 2896 1125 2935 from
1256 2908 1295 2945 4.
1325 2908 1409 2948 pro
1445 2903 1667 2949 tempore,
1701 2895 1875 2935 suitable
1906 2900 1943 2934 to
1973 2894 2036 2934 the
2111 2932 2115 2934 ,

287 2951 359 2990 the
377 2951 467 2990 beel
481 2957 525 2991 to
546 2952 617 2991 the
638 2957 696 2991 toe
715 2951 763 2990 of
777 2951 849 2991 the
868 2951 984 2991 boot.
1202 2953 1400 2990 occasion.
2117 2987 2123 2992 ,

343 3016 380 3045 2.
410 3006 631 3058 plerique,
653 3019 679 3045 a
692 3006 801 3057 good
813 3019 956 3056 many.
1258 3015 1295 3057 5.
1339 3006 1650 3045 discerneres:
1697 3003 1954 3055 subjunctive
1991 3002 2041 3042 of
2109 3041 2114 3058 ζ

326 3066 393 3100 ·ut
413 3060 587 3124 quique
607 3078 647 3094 =
670 3061 934 3112 quicumque.
1202 3058 1416 3099 indefinite
1445 3059 1617 3111 subject,
1638 3060 1681 3098 in
1707 3059 1865 3098 second
1883 3070 2035 3111 person

342 3113 391 3155 in
412 3115 695 3167 principem·
730 3115 759 3154 i.
761 3128 792 3154 e.
812 3114 1014 3154 Tiberius
1202 3114 1462 3166 singular‚—
1475 3128 1549 3153 one
1569 3111 1694 3153 could
1705 3112 1969 3166 distinguish.
