2170 3488
98 992 107 999 x
101 814 106 817 ¹
96 387 98 391 Ἴ
95 296 98 298 “
97 269 100 274 '
95 232 100 234 “
101 113 106 122 a

199 188 308 230 A.D.
329 186 419 241 21.]
988 188 1234 230 ANNALs.
1946 189 2030 234 229

198 341 330 393 gum
368 323 590 392 quidem
628 331 874 391 penateS,
904 325 1042 376 adeo
1082 325 1262 377 socios
1301 342 1414 376 non
1453 332 1720 389 onerent;
1758 333 1942 379 cetera

198 410 471 478 promisca
497 427 620 462 cum
648 410 845 461 marito
873 427 976 462 nec
1003 410 1174 462 ullum
1214 411 1272 461 in
1311 427 1376 462 eo
1411 411 1562 478 pacis
1589 411 1942 478 impedimen-

197 503 336 548 tum.
412 495 565 548 Bella
590 495 753 563 plane
780 496 1044 548 accinctis
1071 497 1356 548 obeunda:
1396 497 1494 548 sed
1533 497 1937 550 revertentibus
1975 522 2002 560 4

198 589 324 649 post
362 581 606 634 laborem
648 582 794 649 quod
835 582 1124 634 honestius
1169 600 1334 650 quam
1380 582 1628 634 uxorium
1673 583 1942 635 levamen-

197 668 355 719 tum?
430 667 511 719 At
538 669 802 735 quasdam
834 668 890 718 in
917 668 1276 720 ambitionem
1303 676 1397 720 aut
1425 668 1706 720 avaritiam
1733 669 1941 737 prolap-

199 770 300 806 saS.
401 754 587 822 Quid?
643 754 886 820 ipsorum
939 754 1362 821 magistratuum
1415 771 1600 806 nonne
1650 755 1938 823 plerosque
1977 778 2001 816 5

197 840 362 892 variis
387 840 704 892 libidinibus
733 840 1037 892 obnoxios?
1075 857 1184 891 non
1214 848 1401 891 tamen
1428 841 1551 892 ideo
1579 841 1856 893 neminem
1882 842 1939 892 in

197 926 533 994 provinciam
560 927 725 978 mitti.
795 926 1099 993 Corruptos
1127 943 1292 993 saepe
1318 926 1680 993 pravitatibus
1710 944 1935 979 uxorum
1978 942 2002 977 6

199 1012 460 1065 maritos:
499 1030 631 1064 num
668 1029 800 1080 ergo
840 1012 1019 1064 omnis
1060 1013 1295 1064 caelibes
1335 1013 1619 1080 integros?
1666 1013 1940 1065 Placuisse

199 1100 473 1168 quondam
503 1099 714 1166 Oppias
741 1099 908 1166 leges,
940 1098 1018 1150 sic
1044 1099 1386 1165 temporibus
1418 1099 1497 1150 rei
1535 1099 1783 1166 publicae
1820 1116 1942 1167 pos—

199 1185 538 1249 tulantibus;
578 1185 868 1237 remissum
897 1185 1100 1252 aliquid
1127 1193 1322 1252 postea
1360 1193 1415 1236 et
1455 1185 1785 1253 mitigatum,
1814 1186 1942 1253 quia

199 1271 516 1339 expedierit.
598 1272 829 1323 Frustra
854 1279 1100 1322 nostram
1129 1271 1404 1339 ignaviam
1437 1271 1542 1323 alia
1579 1272 1648 1323 ad
1674 1272 1939 1324 vocabula
1977 1296 2001 1331 7

198 1358 518 1411 transferri:
557 1375 685 1410 nam
714 1358 815 1409 viri
828 1358 898 1436 ’in
926 1375 991 1410 eo
1020 1358 1251 1425 culpam,
1283 1358 1328 1409 si
1354 1358 1563 1409 femina
1593 1358 1815 1409 modum
1855 1375 1940 1410 ex-

199 1445 370 1497 cedat.
452 1445 617 1496 Porro
645 1445 715 1496 ob
742 1445 904 1496 unius
932 1452 1026 1496 aut
1064 1444 1288 1496 alterius
1321 1444 1655 1496 imbecillum
1694 1445 1936 1496 animum
1979 1459 2000 1494 8

199 1531 342 1583 male
368 1531 504 1600 eripi
540 1531 751 1583 maritis
779 1531 1057 1583 consortia
1082 1548 1262 1582 rerum
1292 1531 1657 1583 secundarum
1695 1531 1941 1584 adversa-

199 1634 442 1686 rumque.
525 1617 702 1670 Simul
743 1634 933 1669 sexum
973 1625 1171 1669 natura
1209 1617 1507 1669 invalidum
1546 1617 1726 1669 deseri
1764 1625 1820 1669 et
1853 1634 1938 1670 ex·
1976 1642 2001 1677 9

199 1704 329 1771 poni
369 1721 468 1756 suo
506 1704 651 1766 luxu,
682 1704 1032 1770 cupidinibus
1070 1703 1277 1756 alienis.
1357 1703 1466 1755 Vix
1503 1703 1783 1771 praesenti
1821 1721 1938 1756 cus·
1980 1727 2024 1753 10

198 1790 349 1841 todia
386 1807 610 1842 manere
648 1790 836 1842 illaesa
875 1790 1162 1858 coniugia:
1214 1789 1344 1857 quid
1381 1790 1516 1851 fore,
1546 1789 1593 1841 si
1625 1806 1724 1857 per
1752 1790 1937 1856 plures

198 1893 372 1928 annos
395 1877 449 1928 in
473 1877 694 1928 modum
716 1876 930 1928 discidii
952 1876 1377 1928 oblitterentur?
1443 1875 1537 1928 Sic
1558 1875 1772 1927 obviam
1794 1875 1936 1927 irent

199 1962 265 2015 iis
292 1980 431 2031 quae
458 1963 587 2015 alibi
614 1970 990 2030 peccarentur,
1020 1969 1081 2014 ut
1108 1961 1440 2029 flagitiorum
1475 1961 1625 2013 urbis
1665 1961 1938 2013 meminis-

199 2057 337 2101 sent.
418 2049 649 2101 Addidit
678 2066 852 2116 pauca
879 2049 1097 2100 Drusus
1134 2049 1202 2099 de
1237 2048 1585 2099 matrimonio
1626 2064 1757 2110 suo;
1807 2064 1934 2098 nam
1978 2070 2020 2096 11

197 2135 537 2203 principibus
581 2136 833 2187 adeunda
871 2134 1090 2202 saepius
1129 2133 1431 2201 longinqua
1468 2133 1694 2199 imperii.
1789 2133 1935 2201 Quo·
1978 2157 2022 2182 12

197 2222 344 2276 tiens
382 2222 566 2274 divum
597 2221 920 2290 Augustum
959 2221 1015 2271 in
1050 2220 1414 2273 Occidentem
1450 2227 1616 2286 atque
1649 2218 1935 2271 Orientem
2036 2226 2038 2228 ’

198 2308 467 2361 meavisse
509 2308 710 2360 comite
750 2307 936 2359 Livia!
1031 2307 1104 2359 Se
1143 2322 1360 2374 quoque
1400 2305 1456 2356 in
1498 2304 1776 2374 Illyricum
1818 2322 1935 2371 pro-
1977 2328 2021 2366 13

196 2394 402 2448 fectum
433 2402 502 2456 et,
534 2394 580 2446 si
606 2394 682 2446 ita
708 2395 995 2455 conducat,
1026 2393 1160 2444 alias
1196 2393 1263 2443 ad
1301 2399 1498 2459 gentes
1538 2390 1757 2452 iturum,
1788 2391 1933 2442 haud

199 2476 416 2547 semper
449 2496 623 2548 aequo
659 2480 857 2542 anim0‚
888 2479 935 2531 si
969 2479 1038 2531 ab
1073 2494 1241 2530 uxore
1276 2476 1558 2529 carissima
1592 2483 1647 2528 et
1678 2483 1762 2527 tot
1794 2492 1936 2529 com-

253 2657 290 2698 3.
320 2647 576 2697 coniugum
602 2676 612 2686 .
638 2676 648 2686 .
673 2676 683 2686 .
707 2652 928 2698 penates:
964 2645 1028 2685 ate.
1158 2650 1228 2684 at:
1262 2643 1506 2694 anticipates
1532 2654 1585 2680 an
1607 2639 1826 2692 objection.

197 2701 269 2740 the
297 2701 498 2752 harmony
516 2701 600 2741 and
622 2700 859 2752 well-being
887 2700 935 2739 of
959 2700 1030 2740 the
1160 2708 1196 2750 7.
1227 2698 1477 2748 ignaviam,
1499 2696 1659 2747 neglect.

198 2755 442 2795 household.
1157 2763 1196 2802 9.
1225 2752 1359 2791 luxu:
1393 2751 1542 2790 dative.

252 2811 371 2850 adeo
391 2823 511 2851 non:
544 2810 666 2849 much
684 2810 769 2849 less.
1163 2817 1224 2845 10.
1254 2805 1513 2857 praesenti:
1564 2803 1685 2843 while
1731 2803 1803 2843 the
1839 2802 1933 2843 hus·

252 2865 488 2917 promisca
507 2877 616 2904 cum
637 2865 828 2904 marito:
857 2863 955 2914 they
969 2875 1030 2901 re·
1103 2861 1216 2900 band
1236 2861 1270 2899 is
1289 2864 1467 2911 present.
1904 2911 1914 2920 .

199 2920 342 2959 ceived
367 2932 422 2958 no
449 2931 563 2958 more
593 2918 900 2957 consideration
929 2918 1031 2956 than
1159 2915 1251 2955 sie:
1285 2913 1500 2965 explained
1524 2913 1576 2963 by
1600 2918 1652 2951 ut
1742 2941 1751 2951 .
1772 2922 1933 2951 metm·

198 2973 304 3013 their
322 2974 534 3013 husbands
551 2973 689 3012 would
708 2973 813 3012 have
842 2972 1031 3012 received
1104 2970 1421 3009 nissent—on
1445 2967 1526 3005 this
1549 2966 1782 3005 condition:
1817 2966 1935 3005 irent

198 3027 253 3079 by
271 3028 528 3067 themselves.
1104 3024 1139 3063 is
1158 3024 1367 3072 hortatory
1386 3020 1652 3071 subjunctive.

253 3094 293 3132 4
321 3082 472 3135 plane,
491 3088 529 3121 to
547 3082 590 3121 be
607 3094 718 3121 sure.
1159 3077 1292 3117 alibi:
1323 3076 1367 3114 in
1386 3075 1457 3114 the
1476 3074 1703 3126 provinces.
