2170 3488
173 232 285 276 Μ).
304 231 395 285 34]
705 254 708 257 »
970 230 1216 272 ANNALS.
1924 234 2004 276 385

172 374 320 420 artes
370 366 640 419 occultius
699 366 1026 430 exercebat3
1087 365 1471 436 detuleratque
1531 375 1920 436 argumentum

171 453 489 522 tragoediae
538 470 571 504 a
623 452 831 505 Scauro
883 453 1134 520 scriptae,
1181 452 1384 505 additis
1428 453 1680 505 versibus
1725 453 1818 521 qui
1863 454 1920 505 in

171 539 456 592 Tiberium
498 539 888 591 flecterentur:
932 556 1122 591 verum
1167 540 1236 591 ab
1282 538 1513 592 Servilio
1557 547 1613 591 et
1661 539 1918 592 Cornelio
1956 554 1981 591 6

171 626 584 679 accusatoribus
616 625 945 678 adulterium
987 625 1194 689 Liviae,
1223 643 1508 694 magorum
1548 641 1704 678 sacra
1742 627 1920 680 obiec-

170 713 444 765 tabantur.
525 712 782 774 Scaurus,
813 719 873 763 ut
906 712 1133 780 dignum
1160 713 1441 765 veteribus
1468 712 1742 775 Aemiliis,
1773 714 1918 765 dam·
1955 738 1980 774 7

22 859 29 871 .
171 799 452 851 nationem
479 798 691 861 anteiit,
721 799 979 850 hortante
1007 799 1199 851 Sextia
1222 815 1405 862 uxore,
1434 816 1574 867 quae
1599 799 1920 852 incitamen-

170 892 290 937 tum
317 885 511 937 mortis
539 892 594 936 et
621 885 899 952 particeps
928 885 1048 937 fuit.

243 971 332 1023 Ac
374 979 561 1022 tamen
606 979 973 1034 accusatoreS,
1021 971 1067 1023 si
1111 971 1346 1023 facultas
1397 971 1679 1034 incideret,
1727 972 1918 1039 poenis
1940 978 2004 1024 30

170 1057 584 1120 adliciebantur,
614 1065 674 1109 ut
710 1058 974 1110 Servilius
1010 1057 1415 1126 Corneliusque
1454 1058 1669 1125 perdito
1711 1058 1918 1111 Scauro

170 1142 382 1207 famosi,
413 1144 540 1212 quia
566 1145 857 1211 pecuniam
885 1162 917 1196 a
942 1144 1112 1196 Vario
1155 1145 1360 1212 Ligure
1400 1144 1740 1196 omittendae
1779 1145 1920 1197 dela-

171 1230 338 1282 tionis
383 1238 662 1297 ceperant,
711 1231 768 1281 in
814 1231 1022 1282 insulas
1067 1231 1365 1283 interdicto
1409 1230 1526 1298 igni
1570 1238 1736 1299 atque
1779 1248 1920 1300 aqua
1973 1245 1976 1247 ’

79 1333 86 1347 ’
171 1317 378 1368 demoti
405 1325 548 1369 sunt.
630 1318 703 1368 Et
731 1317 988 1369 Abudius
1019 1319 1173 1369 Ruso
1198 1317 1425 1369 functus
1459 1317 1754 1380 aedilitate,
1785 1319 1915 1369 dum
1957 1343 1980 1367 2

173 1403 415 1455 Lentulo
456 1403 760 1466 Gaetulic0,
803 1404 906 1455 sub
946 1420 1053 1471 quo
1093 1403 1298 1471 legioni
1342 1404 1670 1471 praefuerat,
1712 1404 1920 1471 pericu-

170 1489 284 1541 lum
310 1475 550 1551 facessit,
581 1490 726 1557 quod
755 1489 800 1541 is
832 1489 1018 1542 Seiani
1054 1490 1225 1541 filium
1257 1506 1523 1558 generum
1563 1490 1915 1552 destinasset,

171 1575 316 1627 ultro
366 1577 660 1627 damnatur
708 1583 874 1643 atque
925 1577 1060 1627 urbe
1111 1575 1362 1644 exigitur.
1469 1576 1789 1629 Gaetulicus
1853 1594 1916 1629 ea
1955 1602 1979 1638 3

109 1707 112 1711 .
170 1669 506 1729 tempestate
549 1662 844 1730 superioris
886 1661 1215 1714 Germaniae
1254 1662 1501 1730 legiones
1541 1664 1782 1725 curabat,
1824 1663 1918 1715 mi-

171 1764 402 1816 rumque
456 1765 698 1801 amorem
757 1756 1047 1800 assecutus
1107 1756 1239 1810 erat,
1298 1749 1512 1800 effusae
1573 1749 1915 1812 clementiae,

171 1835 419 1887 modicus
459 1835 755 1887 severitate
795 1843 850 1886 et
889 1835 1135 1902 proximo
1174 1852 1393 1906 quoque
1432 1836 1697 1887 exercitui
1724 1853 1823 1903 per
1851 1837 1912 1888 L.

171 1921 486 1989 Apronium
513 1938 765 1973 socerum
793 1938 904 1972 non
931 1921 1195 1989 ingratus,
1278 1921 1446 1973 Unde
1470 1921 1620 1973 fama
1651 1930 1914 1974 constans
1954 1947 1980 1982 4

171 2025 363 2060 ausum
410 2008 633 2060 mittere
678 2009 745 2059 ad
793 2007 1086 2060 Caesarem
1138 2007 1367 2069 litteras,
1414 2008 1758 2060 adfinitatem
1811 2009 1918 2061 sibi

171 2111 296 2146 curn
327 2094 527 2146 Seiano
555 2095 702 2146 haud
732 2101 945 2161 sponte,
977 2095 1074 2145 sed
1111 2094 1340 2145 consilio
1378 2094 1590 2146 Tiberii
1630 2102 1915 2162 coeptam;

22 2160 30 2206 3⁴⁷
79 2213 86 2217 „
170 2181 396 2248 perinde
424 2198 484 2232 se
511 2198 674 2249 quam
701 2181 987 2232 Tiberium
1014 2181 1129 2231 falli
1165 2181 1429 2247 potuisse,
1460 2197 1639 2248 neque
1678 2198 1915 2233 errorem

23 2260 25 2262 ’
65 2279 90 2305 2
171 2268 405 2319 eundem
453 2267 533 2318 illi
577 2267 698 2319 sine
741 2268 950 2329 fraude,
998 2267 1118 2319 aliis
1165 2267 1330 2319 exitio
1382 2267 1711 2319 habendum.
1795 2268 1913 2321 Sibi
1953 2292 1977 2330 5

170 2354 335 2405 fidem
374 2354 646 2422 integram
685 2361 756 2416 et,
799 2354 845 2406 si
891 2354 1054 2406 nullis
1100 2354 1315 2405 insidiis
1360 2361 1657 2421 peteretur,
1701 2372 1916 2407 mansu-

225 2538 516 2588 tragoediae:
548 2537 620 2577 the
643 2538 814 2589 tragedy
831 2550 915 2577 was
935 2549 1002 2577 en·
1141 2549 1389 2588 magorum
1429 2549 1576 2584 sacra,
1615 2537 1750 2589 magic
1787 2538 1915 2584 rites,·

170 2591 290 2632 titled
316 2593 482 2640 Atreus,
505 2593 590 2632 and
618 2592 662 2631 in
687 2593 718 2631 it
746 2593 800 2631 he
829 2593 914 2632 had
943 2592 1002 2631 in·
1084 2592 1183 2631 with
1199 2592 1271 2631 the
1292 2591 1427 2642 object
1447 2591 1495 2630 of
1509 2592 1784 2643 ascertaining
1795 2592 1917 2631 when

170 2647 372 2686 troduced
413 2660 439 2686 a
475 2659 591 2686 verse
634 2646 740 2686 from
780 2647 1002 2698 Euripides
1083 2647 1271 2686 Tiberius
1291 2646 1428 2685 would
1449 2646 1528 2685 die.

172 2700 346 2752 (Phoen.
376 2701 495 2752 393),
525 2701 743 2752 exhorting
774 2707 818 2740 to
851 2702 999 2740 endur·
1139 2699 1221 2743 30.
1263 2701 1407 2740 Vario
1429 2701 1628 2751 Ligure:
1660 2701 1734 2741 IV.
1753 2712 1820 2751 42.
1842 2712 1880 2753 3.

171 2768 275 2795 ance
313 2755 361 2795 of
392 2756 464 2795 the
502 2755 600 2806 folly
637 2755 685 2794 of
717 2756 859 2795 rulers.
931 2756 1000 2795 Ti·
1139 2756 1426 2795 omittendae
1477 2756 1749 2796 delationis:
1814 2757 1915 2796 Intr.

170 2810 320 2858 berius,
342 2810 542 2861 asserting
571 2810 661 2849 that
689 2811 760 2849 the
789 2816 889 2863 poet
916 2811 1001 2850 had
1086 2821 1135 2864 35
1159 2824 1200 2849 n.

170 2866 293 2905 made
313 2866 361 2905 of
375 2866 462 2905 him
481 2879 536 2905 an
550 2867 713 2914 Atreus,
728 2866 830 2914 said,
846 2870 870 2887 ‘⁴
883 2867 903 2905 I
919 2866 1001 2905 will
1140 2866 1189 2905 in
1210 2866 1392 2906 insulas
1420 2896 1428 2904 .
1457 2896 1466 2905 .
1492 2895 1502 2905 .
1531 2866 1732 2906 demotit
1769 2866 1916 2919 depor-

170 2920 294 2959 make
324 2920 371 2960 of
394 2921 482 2959 him
508 2934 562 2960 an
584 2920 1002 2972 Ajax,'’—referring
1085 2921 1235 2968 tation;
1272 2933 1341 2959 see
1367 2921 1441 2959 IV.
1466 2931 1530 2970 31.
1553 2930 1630 2973 5n.

171 2979 215 3013 to
243 2974 315 3014 the
346 2975 623 3015 sels-inflicted
654 2975 780 3014 death
809 2976 857 3014 of
884 2975 1000 3026 Ajax.
1141 2986 1178 3015 2.
1210 2975 1412 3015 Lentulo
1450 2975 1716 3015 Gaetulico:
1759 2975 1917 3024 consul,

172 3028 268 3077 Dio,
289 3029 447 3069 LVIII.
470 3040 535 3079 24.
582 3029 644 3069 Cf.
667 3029 777 3069 Suet.
802 3030 892 3069 Tib.
909 3030 974 3069 61.
1085 3040 1174 3070 ΑΔ).
1197 3030 1248 3068 26
1274 3030 1368 3079 (IV.
1389 3029 1455 3078 46.
1477 3028 1538 3079 1).

227 3083 266 3122 6.
297 3083 482 3124 Liviae:
515 3083 677 3132 Livilla,
697 3084 768 3123 the
788 3084 935 3123 widow
958 3083 1007 3124 of
1142 3095 1178 3135 3.
1211 3086 1263 3123 L.
1285 3084 1571 3134 Apronium:
1604 3096 1674 3123 see
1695 3084 1768 3124 IV.
1791 3094 1854 3137 73.
1881 3095 1914 3125 1.

172 3136 343 3179 Drusus.
1140 3150 1180 3189 4.
1211 3138 1299 3178 illi:
1335 3138 1537 3178 Tiberius.
