2170 3488
196 219 280 261 310
986 216 1244 260 TACITUS.

280 355 516 417 daretur,
547 362 671 423 post
698 353 943 407 exercitu
970 354 1177 406 flumen
1205 354 1396 407 Albim
1423 355 1781 417 transcendit,
1805 354 2023 423 longius
2099 348 2101 350 ’

279 449 570 509 penetrata
597 441 894 499 Germania
929 458 1093 508 quam
1121 440 1409 508 quisquam
1438 442 1694 507 priorum,
1725 457 1926 509 easque
1954 442 2024 493 ob
2105 494 2132 519 :-

217 553 243 588 4
282 545 370 580 res
409 527 649 595 insignia
687 527 953 594 triumphi
991 527 1226 594 adeptus
1266 534 1366 578 est.
1448 526 1604 579 Obiit
1643 534 1699 578 et
1742 528 1802 579 L.
1847 526 2025 579 Anto-

217 636 241 675 5
281 614 421 675 nius',
465 614 638 665 multa
676 613 1002 665 claritudine
1041 612 1277 680 generiS,
1307 613 1405 664 sed
1444 612 1796 680 improspera.

277 786 396 837 nito
441 786 588 837 hunc
633 786 927 838 admodum
967 785 1459 847 adulescentulum,
1503 785 1704 837 sororis
1742 793 2019 853 nepotem,

279 872 526 939 seposuit
555 871 850 940 Augustus
877 871 932 922 in
962 871 1242 923 civitatem
1273 871 1698 934 Massiliensem,
1723 872 1817 924 ubi
1838 872 2022 939 specie

195 972 241 1008 >6
281 958 588 1010 studiorum
628 974 831 1010 nomen
865 957 1038 1009 exsilii
1066 966 1363 1025 tegeretur.
1447 957 1691 1010 Habitus
1717 965 1904 1010 tamen
1937 975 2022 1010 su-

278 1044 482 1112 premis
533 1044 725 1106 honor,
767 1061 1003 1112 ossaque
1053 1044 1266 1096 tumulo
1313 1044 1673 1096 Octaviorum
1723 1044 1874 1096 illata
1923 1061 2023 1112 per

277 1132 560 1183 decretum
589 1138 827 1182 senatus,

351 1218 538 1269 Isdem
578 1217 896 1269 consulibus
935 1217 1151 1269 facinus
1190 1225 1346 1269 atrox
1381 1216 1438 1268 in
1466 1217 1719 1269 citeriore
1749 1217 2023 1285 Hispania

277 1304 580 1356 admissum
617 1321 649 1355 a
686 1305 922 1371 quodam
962 1303 1170 1372 agresti
1209 1303 1449 1355 nationis
1488 1303 1883 1356 Termestinae.
1965 1305 2022 1356 Is

277 1398 587 1457 praetorem
627 1390 940 1457 provinciae
981 1391 1041 1442 L.
1089 1390 1360 1452 Pisonem,
1403 1406 1537 1457 pace
1575 1377 2023 1453 incuriosum,'ex

277 1476 576 1544 improviso
603 1476 660 1528 in
687 1476 884 1528 itinere
915 1477 1139 1528 adortus
1168 1493 1277 1528 uno
1305 1476 1532 1528 vulnere
1570 1476 1626 1527 in
1663 1484 1896 1528 mortem
1935 1478 2023 1529 ad-

276 1562 443 1626 fecit3
482 1580 546 1615 ac
572 1562 902 1630 pernicitate
938 1563 1063 1631 equi
1102 1563 1384 1631 profuguS‚
1415 1570 1707 1630 postquam
1748 1563 2021 1615 saltuosos

194 1224 255 1269 45

276 1649 426 1701 locos
453 1649 730 1717 attigerat,
760 1649 989 1701 dimisso
1016 1665 1157 1717 equo
1184 1666 1284 1716 per
1309 1650 1540 1716 derupta
1566 1657 1621 1700 et
1648 1649 1769 1701 avia
1794 1666 2040 1718 sequen-v

217 1759 241 1784 2
278 1735 352 1787 tis
378 1736 678 1787 frustratus
707 1743 806 1787 est.
889 1736 1087 1804 Neque
1114 1736 1207 1787 diu
1233 1735 1465 1787 fefellit:
1504 1752 1631 1787 nam
1658 1752 1862 1803 prenso
1897 1737 2023 1789 due-

276 1829 445 1890 toque
483 1839 582 1889 per
618 1821 894 1889 proximos
934 1838 1106 1890 pagos
1146 1839 1301 1890 equ0‚
1342 1822 1497 1874 cuius
1535 1822 1678 1874 foret
1719 1822 2018 1891 cognitum.

214 1931 238 1969 3
280 1909 354 1960 Et
393 1916 644 1976 repertus
684 1926 808 1960 cum
847 1908 1140 1960 tormentis
1186 1909 1348 1960 edere
1394 1908 1646 1960 conscios
1690 1909 2038 1977 adigeretur,

275 2011 410 2047 voce
449 2011 650 2063 magna
693 2011 947 2047 sermone
991 1994 1168 2062 patrio
1211 1995 1419 2046 frustra
1458 2011 1518 2047 se
1555 1994 1882 2062 interrogari
1922 1995 2023 2047 cla-

1767 217 1922 273 [Boox
1949 216 2026 261 IV.
2098 218 2105 278 J

1876 614 2022 665 Nam

278 707 434 767 patre
461 700 579 751 eius
610 699 729 751 Iulo
757 699 1009 751 Antonio
1037 700 1107 751 ob
1133 698 1464 750 adulterium
1504 699 1676 750 Iuliae
1715 706 1893 751 morte
1931 717 2025 767 pu·

276 2080 526 2133 mitavit:
575 2081 903 2133 assisterent
957 2081 1092 2133 socii
1136 2098 1200 2133 ac
1252 2088 1600 2148 spectarent;
1650 2081 1857 2133 nullam
1908 2082 2020 2132 vim

213 2191 239 2227 4
277 2174 491 2220 tantam
543 2167 745 2219 doloris
795 2166 913 2219 fore
964 2176 1024 2220 ut
1076 2168 1367 2219 veritatem
1420 2167 1658 2219 eliceret.
1756 2168 2021 2235 Idemque

276 2271 402 2306 cum
430 2261 652 2321 postero
691 2255 759 2305 ad
798 2254 1178 2322 quaestionem
1220 2254 1606 2316 retraheretur,
1637 2270 1702 2305 eo
1741 2252 1866 2306 nisu
1905 2271 2022 2322 pro-

279 2415 428 2467 (Nero,
450 2414 495 2468 5)
521 2428 612 2467 says
637 2416 668 2455 it
693 2429 775 2455 was
804 2416 874 2455 the
904 2415 1029 2463 elder,
1049 2429 1106 2455 no
1188 2416 1375 2454 comitate
1404 2420 1442 2453 et
1459 2415 1726 2466 provinciali
1746 2415 2019 2466 parsimonia

275 2471 405 2510 doubt
435 2470 633 2522 correctly
666 2470 756 2522 (see
787 2471 869 2510 III.
901 2481 936 2521 3.
970 2481 994 2509 2
1023 2470 1103 2522 n.).
1189 2471 1359 2508 mistum
1395 2483 1444 2508 ac
1475 2470 1572 2508 bene
1601 2470 1862 2521 compositum
1899 2470 2019 2521 (Tac.

274 2525 356 2564 For
384 2525 491 2564 their
519 2538 608 2572 son,
637 2526 708 2564 the
739 2525 873 2564 father
901 2525 950 2564 of
977 2525 1105 2573 Nero,
1187 2526 1289 2576 Agr.
1309 2524 1375 2575 4).

274 2592 344 2619 see
366 2589 428 2632 75.
453 2590 487 2619 1.
1242 2577 1326 2622 45.
1367 2579 1716 2618 Termestinae:
1758 2578 1806 2617 of
1836 2578 2018 2626 Termes,

329 2641 440 2686 post
461 2665 470 2674 .
493 2665 501 2674 .
525 2665 533 2673 .
555 2635 755 2686 adeptus
782 2641 877 2674 est:
910 2634 964 2673 he
993 2647 1105 2674 com·
1186 2640 1287 2673 west
1307 2634 1354 2672 of
1371 2634 1611 2672 Numantia.

274 2690 456 2729 manded
485 2689 528 2728 in
557 2689 764 2739 Germany
793 2689 855 2727 for
883 2690 943 2728 six
974 2701 1104 2740 years,
1241 2695 1514 2740 praetorem,
1549 2693 1650 2726 ete:
1672 2715 1676 2718 ⁴
1696 2687 1779 2726 this
1807 2687 1935 2738 being
1965 2700 2019 2726 an

275 2745 432 2794 ending
451 2754 529 2783 ΒΩ.
554 2754 569 2782 1
599 2745 689 2795 (see
712 2744 744 2782 Ι.
767 2743 832 2794 63.
853 2743 916 2793 6).
1186 2743 1373 2795 imperial
1402 2743 1609 2794 province,
1631 2754 1713 2781 was
1735 2743 1946 2792 governed
1965 2741 2018 2792 by

330 2808 366 2851 5.
400 2798 501 2838 Iulo
521 2799 754 2838 Antonio:
787 2811 855 2836 see
877 2799 909 2836 Ι.
935 2808 993 2836 10.
1017 2808 1055 2849 3.
1188 2799 1376 2849 alegatus
1382 2803 1466 2848 pro
1472 2803 1669 2848 praetore
1681 2797 1728 2835 of
1742 2797 1813 2835 the
1830 2809 2018 2848 emperor

329 2854 503 2893 sororis
546 2860 791 2904 nepotem:
842 2852 905 2891 his
942 2853 1106 2891 mother
1193 2852 1283 2904 (see
1304 2853 1404 2891 Intr.
1431 2862 1477 2903 17
1499 2853 1581 2890 and
1606 2850 1667 2898 18,
1687 2851 1733 2889 B.
1760 2851 1847 2902 17).

274 2920 358 2946 was
388 2907 598 2954 Marcella,
619 2907 823 2958 daughter
849 2906 896 2945 of
919 2906 1105 2954 Octavia,
1244 2907 1296 2946 L.
1328 2907 1574 2945 Pisonem:
1616 2905 1803 2944 believed
1838 2910 1881 2944 to
1911 2904 2017 2943 have

275 2961 346 3000 the
365 2962 483 3001 sister
504 2962 551 3000 of
564 2963 786 3012 Augustus.
1187 2961 1294 3000 been
1320 2961 1391 3000 the
1418 2960 1530 2999 elder
1554 2959 1601 2998 of
1622 2960 1693 2998 the
1722 2965 1802 2998 two
1827 2959 2017 2998 brothers

329 3015 483 3063 specie
511 3015 803 3054 studiorum:
834 3025 882 3052 so
908 3012 1104 3063 Agricola
1187 3019 1231 3054 to
1270 3015 1409 3053 whom
1458 3015 1626 3053 Horace
1673 3014 1898 3053 addressed
1945 3013 2016 3052 the

274 3069 403 3107 sedem
459 3082 508 3107 ac
564 3071 810 3120 magistram
869 3070 1104 3108 studiorum
1187 3069 1332 3121 epistle
1365 3069 1520 3107 known
1553 3081 1598 3107 as
1625 3069 1711 3107 Ars
1744 3068 1906 3108 Poetica
1921 3080 1938 3107 .·
1982 3066 2018 3107 Ο

274 3123 519 3162 Massiliam
566 3124 725 3170 habuit,
763 3124 897 3162 locum
943 3124 1103 3162 Graeca
1187 3124 1328 3162 maior
1348 3124 1566 3168 iuvenum,
1587 3127 1663 3161 etc.

2075 2499 2128 3171 smnqmeoemsawanwl.mama-1..
2080 2388 2113 2465 ›,·.-;1-·,
2108 2211 2110 2213 .
2093 2172 2099 2177 ·
2092 2037 2120 2142 ,·
2100 1902 2105 1906 ·
2106 1820 2109 1827 Α
2122 1791 2123 1795 „
2089 1733 2122 1769 ¹1„
2098 1682 2121 1714 ,ἢ
2122 1628 2123 1631 „
2105 1495 2123 1504 ,-
2105 1375 2107 1377 -
2124 1256 2126 1259 ἢ
2124 1197 2126 1201 ἢ
2109 1159 2111 1163 -
2104 1087 2107 1098 ψ-
2104 976 2117 1005 .«
2096 875 2102 879 =·
