2170 3488
166 258 274 298 Μ).
299 256 384 309 16.]
899 318 902 320 v
952 256 1197 297 ANNALS.
1909 258 1986 300 145

39 474 51 482 .—
25 366 53 415 ³:⁴³*
30 332 57 355 irs,
32 311 47 323 s
32 269 52 302 η
7 0 78 260 ,ῆνὺιῑκιΜ

0 401 53 506 bg
235 393 392 444 Inter
427 408 568 461 quae
613 392 674 444 L.
721 392 846 444 Piso
891 392 1160 444 ambitum
1207 391 1328 456 fori,
1376 401 1634 461 corrupta
1684 393 1898 457 iudicia,
1922 400 1986 446 34

161 478 447 532 saevitiam
504 485 782 530 oratorum
847 478 1231 530 accusationes
1294 478 1669 530 minitantium
1735 479 1906 532 incre-

160 582 313 633 pans,
366 564 518 616 abire
569 581 630 616 se
681 571 736 615 et
802 564 997 615 cedere
1061 565 1210 626 urbe,
1265 564 1538 616 victurum
1602 566 1659 617 in
1723 566 1905 634 aliquo

160 652 348 703 abdito
375 658 430 703 et
456 650 760 718 longinquo
788 667 911 702 rure
939 651 1281 714 testabatur;
1321 651 1486 703 simul
1514 651 1721 703 curiam
1749 652 1907 704 relin-

23 807 25 809 .
159 738 377 807 quebat.
458 737 784 789 Commotus
818 744 902 788 est
939 737 1196 789 Tiberius
1225 745 1295 798 et,
1320 754 1650 806 quamquam
1679 739 1906 791 mitibus
1946 761 1969 786 2

54 810 78 862 Ῐ
159 824 343 876 verbis
390 823 645 875 Pisonem
691 823 1088 890 permulsisset,
1134 824 1472 892 propinquos
1522 842 1739 893 quoque
1789 826 1906 878 eius

19 901 28 909 ¹
160 910 378 978 impulit
417 918 478 962 ut
517 910 814 961 abeuntem
846 909 1177 962 auctoritate
1211 911 1298 962 vel
1337 911 1594 978 precibus
1632 919 1903 965 tenerent.

164 998 333 1049 Haud
367 997 551 1048 minus
587 996 744 1048 liberi
779 996 984 1048 doloris
1022 997 1417 1049 documentum
1453 997 1599 1049 idem
1630 998 1755 1050 Piso
1783 1016 1909 1050 mox
1946 1021 1969 1057 3

161 1084 313 1135 dedit
347 1091 542 1135 vocata
580 1083 636 1133 in
673 1083 756 1134 ius
798 1082 1119 1150 Urgulania,
1162 1100 1326 1151 quam
1374 1101 1538 1151 supra
1584 1084 1737 1152 leges
1782 1085 1910 1136 ami-

162 1169 293 1222 citia
331 1169 627 1237 Augustae
673 1168 956 1221 extulerat.
1053 1169 1173 1221 Nec
1215 1177 1310 1221 aut
1359 1170 1663 1238 Urgulania
1704 1172 1911 1224 obtem-
1945 1195 1971 1230 4

162 1256 387 1324 peravit,
432 1256 490 1307 in
534 1256 757 1307 domum
811 1255 1064 1307 Caesaris
1117 1264 1304 1323 spreto
1358 1256 1555 1308 Pisone
1597 1265 1771 1319 vecta,
1814 1265 1909 1309 aut

16 1347 53 1419 *15
94 1366 98 1370 “
163 1342 254 1394 ille
310 1342 595 1405 abscessit,
643 1359 974 1410 quamquam
1026 1342 1290 1409 Augusta
1347 1359 1407 1394 se
1453 1343 1643 1394 violari
1702 1352 1757 1395 et
1815 1344 1911 1396 im·

163 1429 338 1481 minui
376 1436 710 1497 quereretur.
801 1428 1060 1480 Tiberius
1103 1429 1372 1480 hactenus
1419 1429 1705 1497 indulgere
1750 1431 1911 1482 matri
1948 1450 1971 1489 5

163 1515 323 1567 civile
366 1523 518 1567 ratus
563 1523 625 1566 ut
670 1532 731 1567 se
774 1514 980 1566 iturum
1026 1516 1095 1567 ad
1145 1515 1413 1582 praetoris
1460 1516 1714 1578 tribunal,
1763 1517 1913 1568 adfu-

31 1667 61 1677 Ι,
162 1609 349 1653 turum
379 1601 718 1670 Urgulaniae
743 1602 967 1663 diceret,
990 1602 1259 1669 processit
1290 1602 1514 1664 Palatio,
1540 1603 1728 1669 procul
1757 1603 1911 1670 sequi

103 1736 106 1738 .
163 1688 329 1740 iussis
374 1688 654 1740 militibus
740 1688 1112 1755 Spectabatur
1150 1696 1476 1739 occursante
1525 1689 1726 1756 populo
1772 1706 1914 1741 com-
1949 1701 1975 1737 6

30 1759 54 1789 ἐξ
163 1775 379 1842 positus
432 1791 526 1826 ore
583 1782 638 1826 et
697 1774 1045 1826 sermonibus
1090 1774 1254 1825 variis
1312 1783 1532 1841 tempus
1587 1783 1752 1843 atque
1808 1776 1914 1827 iter

163 1862 388 1923 ducens,
417 1861 592 1912 donec
623 1860 945 1928 propinquis
974 1860 1230 1912 Pisonem
1265 1858 1471 1912 frustra
1511 1862 1909 1924 coercentibuS‚

163 1947 364 1999 deferri
427 1947 689 2015 Augusta
744 1947 1049 2014 pecuniam,
1109 1964 1249 2014 quae
1313 1948 1620 2014 petebatur,
1681 1948 1906 1999 iuberet.

166 2035 334 2102 Isque
371 2034 498 2085 finis
537 2033 630 2095 rei,
669 2050 736 2085 ex
773 2050 881 2101 qua
918 2050 1098 2101 neque
1141 2033 1265 2085 Piso
1306 2034 1572 2101 inglorius
1613 2042 1668 2085 et
1710 2034 1914 2086 Caesar
1949 2057 1973 2092 7

163 2120 368 2172 maiore
411 2120 559 2171 fama
598 2118 717 2172 fuit.
798 2120 1062 2171 Ceterum
1103 2120 1446 2188 Urgulaniae
1490 2121 1738 2187 potentia
1775 2122 1912 2172 adeo
1951 2133 1972 2168 8

164 2206 334 2258 nimia
384 2206 594 2258 civitati
644 2215 761 2257 erat
819 2214 879 2257 ut
930 2206 1092 2258 testis
1146 2208 1201 2257 in
1254 2224 1420 2258 causa
1473 2208 1720 2274 quadarn,
1774 2224 1913 2274 quae

163 2294 308 2361 apud
345 2301 598 2345 senatum
634 2294 990 2355 tractabatur,
1020 2293 1208 2345 venire
1247 2294 1669 2361 dedignaretur:
1710 2294 1911 2345 missus

165 2388 251 2432 est
277 2387 497 2447 praetor
523 2379 615 2446 qui
642 2379 790 2430 domi
818 2379 1200 2447 interrogaret,
1231 2397 1355 2431 cum
1386 2380 1627 2447 virgines
1654 2380 1911 2431 Vestales

220 2510 304 2556 34'.
346 2514 399 2552 L.
433 2513 568 2552 Piso:
611 2511 674 2551 for
705 2511 771 2551 his
805 2512 944 2559 death,
974 2525 999 2551 a
1131 2526 1170 2562 4.
1201 2513 1447 2559 abscessit,
1473 2512 1648 2551 desisted.

165 2567 303 2615 result,
324 2580 369 2606 as
387 2580 471 2606 was
497 2567 672 2617 alleged,
692 2566 741 2605 of
763 2566 835 2605 the
856 2579 998 2606 occur·
1131 2568 1309 2614 violari,
1330 2567 1515 2628 suffered
1529 2580 1588 2604 an
1608 2568 1775 2620 affront.

165 2635 289 2663 rence
308 2622 407 2661 here
426 2621 596 2668 related,
617 2634 686 2660 see
707 2621 779 2660 IV.
802 2631 866 2660 21.
886 2633 925 2670 4.
1133 2622 1374 2661 imminui.
1410 2622 1438 2660 z'.
1441 2635 1472 2660 e.
1496 2621 1539 2659 in
1559 2621 1633 2659 her
1653 2621 1823 2671 dignity.

221 2677 319 2724 fori,
340 2682 503 2722 courts‚·
532 2676 649 2714 these
669 2688 776 2714 were
796 2676 999 2727 regularly
1134 2686 1170 2729 5.
1205 2679 1461 2716 hactenus:
1523 2675 1716 2727 qualified
1762 2675 1816 2725 by
1862 2681 1913 2714 ut

166 2732 265 2771 held
285 2745 399 2783 upon
419 2731 490 2770 the
509 2732 681 2770 Forum.
1145 2733 1365 2771 ‚diceret

221 2787 476 2826 ambitum:
508 2799 577 2825 see
597 2786 632 2825 I.
655 2796 691 2825 2.
715 2796 738 2824 2
757 2799 798 2825 n.
1132 2786 1283 2827 civile,
1307 2786 1460 2838 lawful
1483 2785 1567 2835 (for
1588 2797 1668 2834 any
1687 2784 1873 2832 citizen).

221 2843 361 2888 abire,
380 2854 467 2880 was
486 2842 616 2893 going
638 2853 788 2891 away:
818 2853 999 2891 express·
1133 2840 1324 2892 procul.
1398 2869 1408 2878 .
1437 2840 1688 2878 militibus:
1721 2838 1763 2875 in
1793 2838 1912 2876 order

166 2896 239 2947 ing
258 2896 391 2935 future
411 2896 524 2943 time,
545 2908 589 2934 as
608 2894 839 2946 frequently
857 2895 901 2933 in
920 2894 1001 2933 col·
1078 2900 1121 2933 to
1160 2895 1279 2946 place
1318 2907 1373 2933 no
1415 2894 1640 2932 constraint
1680 2905 1793 2944 upon
1841 2891 1911 2930 the

167 2950 321 3002 loquial
339 2950 558 3001 language.
1078 2955 1236 2996 courts;
1272 2962 1341 2987 see
1362 2949 1396 2988 Ι.
1420 2958 1455 2999 7.
1482 2958 1516 2999 7.

223 3005 577 3056 relinquebat-
537 3021 578 3027 —
604 3004 844 3055 relinquere
863 3009 999 3055 para·
1133 3003 1172 3042 6.
1202 3010 1502 3042 occursante:
1538 3002 1599 3041 z'.e.
1623 3001 1814 3052 casually.

169 3059 244 3098 bat.
1133 3058 1479 3097 coercentibus:
1506 3056 1754 3107 attempting
1769 3061 1812 3094 to
1833 3056 1911 3095 dis-

291 3112 436 3160 liberi,
454 3112 608 3166 frank.
671 3112 732 3151 Cf.
762 3112 835 3151 IV.
868 3122 931 3150 21.
966 3122 999 3159 1,
1079 3113 1206 3150 suade
1226 3112 1311 3149 him
1333 3111 1437 3148 from
1457 3110 1520 3148 his
1547 3110 1638 3148 suit.

170 3167 283 3205 domo
304 3168 523 3220 principis
541 3167 679 3206 excire
698 3179 826 3206 ausus
843 3172 909 3206 est.
1134 3165 1172 3205 8.
1201 3165 1408 3214 virgines
1428 3164 1671 3204 Vestales:
1703 3164 1775 3203 the
1805 3169 1914 3204 most
