2170 3488
147 262 257 302 A.D.
279 260 367 314 32.]
937 259 1184 300 ANNALS.
1898 258 1977 300 361

147 399 311 451 batur
346 397 509 450 facile
553 396 889 449 toleraturus
929 396 1180 448 exsilium
1219 394 1436 447 delecta
1475 395 1675 457 Lesbo,
1717 394 1895 446 insula

147 483 319 536 nobili
370 492 427 535 et
478 500 724 545 amoena,
773 482 1072 534 retrahitur
1122 482 1179 534 in
1230 482 1423 534 urbem
1476 481 1895 550 custoditurque

147 570 400 623 domibus
433 570 872 638 magistratuum.

222 657 407 709 Isdem
452 655 652 708 litteris
705 655 911 708 Caesar
957 655 1208 708 Sextium
1266 654 1637 707 Paconianum
1681 662 1894 723 praeto·
1929 677 1957 715 4

147 743 287 795 rium
338 742 571 810 perculit
623 759 826 810 magno
870 750 1087 809 patrum
1134 741 1350 810 gaudi0,
1392 741 1655 794 audacem
1694 740 1896 793 malefi-

29 870 39 884 .
71 853 75 856 ·
148 847 289 892 cum,
319 828 565 880 omnium
593 836 808 880 secreta
833 828 1126 880 rimantem
1159 827 1545 896 delectumque
1583 827 1653 880 ab
1693 826 1894 880 Seiano

148 915 302 968 cuius
347 932 452 983 ope
495 914 652 967 dolus
699 914 838 967 Gaio
882 914 1106 966 Caesari
1147 921 1446 981 pararetur.
1543 914 1707 982 Quod
1747 922 1894 982 post·
1932 935 1956 975 5

73 1032 80 1038 .
148 1019 312 1070 quarn
350 1001 707 1069 patefactum,
749 1018 1048 1068 prorupere
1087 1008 1357 1068 concepta
1399 1000 1611 1068 pridem
1657 1001 1796 1063 odia,
1838 1008 1894 1052 et

149 1105 425 1140 summum
453 1087 782 1154 supplicium
810 1084 1224 1149 decernebatur,
1250 1087 1306 1138 ni
1327 1084 1610 1154 professus
1632 1086 1894 1139 indicium

147 1174 304 1226 foret.
388 1174 468 1226 Ut
509 1191 641 1226 vero
687 1173 971 1225 Latinium
1017 1173 1296 1225 Latiarem
1339 1173 1623 1242 ingressus
1666 1181 1766 1235 est,
1810 1190 1893 1226 ac·
1930 1179 1962 1224 4

12 1252 56 1334 i*
149 1269 370 1313 cusator
409 1278 472 1313 ac
516 1277 643 1312 reus
691 1260 842 1311 iuxta
885 1260 1048 1311 invisi
1092 1259 1471 1328 gratissimum
1517 1259 1894 1327 spectaculum

148 1348 565 1415 praebebantur.
649 1347 903 1410 LatiariS,
934 1355 995 1398 ut
1034 1346 1240 1409 rettuli,
1270 1346 1598 1414 praecipuus
1634 1346 1763 1397 olim
1799 1345 1896 1398 cir-

149 1434 535 1497 cumveniendi
562 1433 697 1485 Titii
727 1433 919 1486 Sabini
947 1441 1003 1485 et
1030 1441 1165 1485 tunc
1192 1433 1426 1484 luendae
1452 1449 1664 1500 poenae
1683 1433 1893 1500 primus

148 1520 270 1572 fuit.
338 1521 494 1572 Inter
511 1537 652 1589 quae
681 1519 948 1572 Haterius
977 1520 1230 1588 Agrippa
1256 1519 1513 1572 consules
1540 1519 1671 1570 anni
1697 1519 1891 1587 prioris
1933 1543 1957 1569 2

62 1619 73 1675 j
148 1606 365 1669 invasit,
411 1624 508 1659 cur
552 1614 744 1658 mutua
787 1606 1140 1659 accusatione
1184 1606 1402 1658 intenta
1447 1624 1595 1658 nunc
1637 1606 1895 1659 silerent:

109 1701 357 1745 -metum
408 1711 633 1760 prorsus
691 1701 748 1745 et
811 1710 986 1746 noxae
1051 1692 1446 1745 conscientiam
1511 1710 1609 1760 pro
1671 1691 1894 1745 foedere

27 1789 68 1839 J
148 1779 375 1844 haberi;
437 1788 493 1832 at
545 1797 657 1831 non
707 1780 956 1848 patribus
1008 1779 1294 1831 reticenda
1343 1797 1483 1847 quae
1534 1779 1888 1831 audivissent.

149 1866 400 1935 Regulus
428 1883 651 1918 manere
677 1874 898 1934 tempus
938 1866 1182 1930 ultionis,
1213 1883 1382 1934 seque
1422 1883 1605 1918 coram
1643 1865 1892 1933 principe
1931 1889 1955 1926 3

17 1937 35 1997 f
60 1966 70 1978 ²
147 1961 572 2016 exsecuturum;
617 1953 750 2004 Trio
795 1953 1222 2004 aemulationem
1267 1952 1414 2004 inter
1459 1952 1699 2021 collegas
1743 1960 1801 2004 et
1846 1952 1893 2005 si

147 2056 255 2108 qua
304 2040 585 2092 discordes
637 2038 897 2093 iecissent
961 2039 1157 2091 melius
1221 2038 1526 2091 oblitterari
1588 2039 1887 2107 respondit.

23 2172 27 2183 ,
149 2126 406 2194 Urgente
445 2126 698 2194 Agrippa
739 2126 1076 2194 Sanquinius
1124 2125 1399 2177 Maximus
1440 2143 1470 2178 e
1509 2125 1889 2178 consularibus
1929 2149 1955 2185 4

147 2213 321 2265 oravit
350 2221 614 2264 senatum.
641 2230 711 2264 ne
747 2230 906 2264 curas
935 2212 1281 2279 imperatoris
1310 2213 1634 2280 conquisitis
1666 2212 1894 2279 insuper

146 2299 540 2352 acerbitatibus
568 2307 836 2367 augerent
859 2318 869 2351 :
903 2299 1156 2351 sufficere
1183 2298 1364 2366 ipsum
1394 2299 1702 2350 statuendis
1725 2314 1894 2350 reme-

1 2371 82 2460 ‘4⁷‘
147 2385 264 2438 diis.
347 2385 440 2438 Sic
468 2385 686 2453 Regulo
714 2385 860 2437 salus
888 2393 944 2436 et
983 2385 1176 2436 Trioni
1214 2385 1404 2436 dilatio
1443 2385 1597 2436 exitii
1623 2385 1886 2453 quaesita.

2 2507 5 2533 s
44 2474 82 2523 ''st
149 2471 415 2523 Haterius
442 2471 668 2523 invisior
693 2471 815 2534 fuit,
845 2471 973 2539 quia
1003 2488 1196 2523 somno
1229 2479 1323 2523 aut
1354 2471 1662 2523 libidinosis
1688 2471 1950 2539 vigiliiszs

10 2818 11 2827 '
50 2822 90 2901 J.

52 2659 85 2679 a..
201 2633 239 2674 3.
272 2624 492 2664 domibus
526 2624 912 2674 magistratuum:
950 2637 975 2664 a
1114 2624 1358 2676 professus
1379 2652 1388 2664 .
1411 2653 1420 2664 .
1442 2653 1452 2663 .
1473 2623 1612 2663 foret:
1652 2624 1714 2663 i.e.
1743 2624 1892 2663 turned

146 2684 220 2717 not
250 2691 501 2717 uncommon
539 2678 646 2717 form
679 2678 726 2717 of
758 2678 974 2730 imprison-
1059 2680 1199 2717 state's
1219 2679 1430 2718 evidence.

51 2745 85 2753 ··
146 2738 278 2781 ment3
314 2745 384 2771 see
405 2733 491 2772 Cic.
514 2733 564 2772 in
590 2734 676 2773 Cat.
698 2733 733 2772 1.
754 2732 792 2772 8.
817 2743 880 2784 19.
1114 2731 1165 2775 4.
1205 2740 1258 2772 ut
1277 2733 1454 2772 rettuli:
1486 2745 1555 2772 see
1575 2733 1648 2772 IV.
1670 2732 1735 2772 68.
1756 2743 1794 2773 2.

202 2797 238 2840 5.
269 2788 410 2838 quod,
456 2792 558 2826 etc.:
609 2787 641 2826 it
677 2787 816 2827 would
861 2801 975 2827 seem
1114 2798 1150 2826 2.
1183 2787 1408 2827 Haterius
1448 2787 1682 2839 Agrippa:
1718 2800 1788 2827 see
1826 2788 1887 2827 ΙΙ.

145 2842 235 2880 that
249 2842 319 2880 the
332 2843 555 2893 emperor's
566 2841 686 2880 letter
699 2842 783 2881 first
794 2842 975 2893 brought
1060 2851 1082 2895 5
1091 2853 1107 2881 1
1116 2873 1125 2882 .
1147 2853 1172 2881 2
1192 2856 1231 2881 n.

145 2897 227 2936 this
256 2903 322 2936 act
351 2897 399 2936 of
423 2897 637 2948 treachery
657 2902 701 2936 to
724 2898 796 2936 the
815 2896 979 2937 knowl⁴
1113 2904 1280 2936 mutua
1292 2897 1611 2936 accusatione:
1632 2909 1702 2935 see
1712 2896 1762 2935 V.
1779 2907 1839 2937 11.
1855 2907 1891 2937 1.

146 2953 251 3004 edge
272 2953 320 2992 of
334 2954 405 2992 the
426 2959 622 2993 senators.
1114 2964 1211 2991 non
1254 2953 1464 3004 patribus
1511 2952 1768 2991 reticenda:
1818 2951 1891 2991 the

201 3020 444 3048 summurn
467 3008 764 3061 supplicium,
786 3012 888 3046 etc.:
919 3007 974 3046 he
1059 3012 1202 3045 senate
1241 3007 1390 3047 should
1423 3012 1497 3046 not
1528 3019 1624 3059 pass
1657 3019 1756 3045 over
1788 3006 1890 3045 such

144 3074 228 3102 was
242 3063 520 3103 nevertheless
538 3064 699 3102 thrown
718 3063 806 3101 into
821 3062 975 3114 prison,
1061 3062 1233 3113 charges
1251 3062 1295 3101 in
1314 3062 1480 3101 silence.

0 3103 1 3141 Ῐ
50 3108 95 3166 ,ᾖξ’
144 3117 281 3157 where
313 3118 368 3157 he
400 3131 484 3157 was
516 3123 591 3170 put
621 3123 665 3157 to
700 3117 826 3156 death
859 3116 975 3155 three
1113 3128 1152 3166 4.
1183 3117 1343 3156 dilatio
1373 3116 1523 3156 exitii:
1551 3116 1654 3155 Trio
1682 3120 1757 3168 put
1783 3115 1877 3154 him

0 3206 2 3213 ,
62 3173 94 3255 {³
143 3182 262 3220 years
280 3171 536 3222 afterwards;
573 3184 643 3212 see
663 3181 728 3223 39.
754 3180 788 3211 1.
1059 3170 1141 3209 self
1155 3175 1199 3210 to
1220 3170 1359 3219 death,
1377 3179 1467 3211 ΑΔ).
1488 3179 1538 3224 35
1564 3169 1651 3221 (38.
1674 3169 1738 3225 2).

24 3345 189 3488 {2
