2170 3488
147 241 230 283 386
932 240 1189 283 TACITUS.
1717 242 1871 295 [Boon
1896 242 1972 285 vr.

232 395 383 441 ram;
445 394 822 430 successorem
879 395 990 429 non
1042 377 1200 429 aliter
1249 395 1412 446 quam
1464 377 1728 431 indicium
1780 378 1973 431 mortis

171 480 195 515 6
233 472 601 532 accepturum.
708 465 1019 516 Firmarent
1068 464 1220 516 velut
1282 464 1493 527 foeduS,
1546 482 1654 533 quo
1716 465 1974 532 princeps

233 560 538 604 ceterarum
584 568 765 602 rerum
812 558 1109 618 poteretur,
1153 550 1272 618 ipse
1313 551 1650 618 provinciam
1692 551 1970 604 retineret.

171 664 195 699 7
237 639 411 700 Hace,
458 637 594 688 mira
643 653 987 705 quamquam,
1035 637 1201 689 fidem
1253 653 1320 688 ex
1369 654 1436 689 eo
1486 638 1780 690 trahebant
1830 638 1977 706 quod

234 741 376 776 unus
405 723 650 774 omnium
686 723 873 775 Seiani
907 723 1171 774 adfinium
1210 723 1502 776 incolumis
1540 724 1823 792 multaque
1860 741 1979 792 gra-

233 811 311 862 tia
347 809 567 871 mansit,
603 817 896 876 reputante
933 809 1160 861 Tiberio
1197 810 1478 877 publicum
1519 810 1624 862 sibi
1662 811 1864 873 odium,
1893 827 1980 863 ex-

236 905 465 948 tremam
496 903 734 947 aetatem
764 896 1048 964 magisque
1075 896 1222 948 fama
1247 914 1411 964 quam
1437 897 1491 948 vi
1520 905 1665 949 stare
1692 913 1779 949 res
1808 914 1950 949 suas,

151 1031 211 1076 31
308 1025 367 1077 C.
401 1024 591 1076 Cestio
621 1025 694 1076 M.
729 1024 960 1076 Servilio
988 1024 1306 1076 consulibus
1345 1025 1558 1076 nobiles
1599 1025 1787 1077 Parthi
1813 1025 1871 1077 in
1897 1042 1980 1077 ur-

174 1136 197 1160 2
237 1113 363 1163 bem
389 1127 606 1173 venere,
636 1111 829 1178 ignaro
856 1127 988 1178 rege
1014 1111 1317 1163 Artabano
1397 1112 1452 1163 Is
1481 1119 1635 1163 metu
1664 1111 1980 1164 Germanici

234 1199 376 1250 fidus
407 1196 690 1259 Romanis,
720 1197 1019 1265 aequabilis
1046 1197 1098 1248 in
1130 1214 1276 1260 SUOS,
1299 1215 1426 1249 mox
1446 1198 1759 1265 superbiam
1781 1198 1838 1249 in
1859 1215 1976 1260 nOS,

235 1285 519 1337 saevitiam
559 1284 614 1335 in
660 1284 952 1351 populares
999 1284 1250 1351 sumpsit,
1290 1284 1467 1336 fretus
1512 1284 1672 1337 bellis
1717 1301 1856 1353 quae
1901 1301 1982 1336 se-

236 1372 414 1424 cunda
465 1372 757 1422 adversum
810 1370 1190 1423 circumiectas
1241 1371 1496 1423 nationes
1541 1378 1874 1434 exercuerat,
1923 1362 1980 1423 et

236 1465 582 1510 senectutem
633 1457 842 1508 Tiberii
887 1465 948 1508 ut
998 1457 1266 1509 inermem
1317 1457 1629 1525 despiciens
1680 1457 1981 1526 avidusque

237 1544 552 1606 Armeniae,
583 1543 671 1596 cui
697 1543 961 1595 defuncto
988 1560 1118 1611 rege
1147 1543 1379 1595 Artaxia
1404 1543 1657 1596 Arsacen
1684 1544 1980 1596 liberorum

237 1648 459 1683 suorum
486 1630 839 1682 veterrimum
872 1629 1149 1697 imposuit,
1179 1630 1365 1681 addita
1390 1630 1726 1683 contumelia
1763 1638 1819 1682 et
1857 1629 1982 1682 mis·
2038 1690 2042 1693 ,
2084 1683 2086 1685 ,
2123 1624 2135 1670 s

238 1718 314 1770 sis
358 1717 451 1786 qui
496 1735 685 1785 gazam
725 1734 757 1769 a
793 1718 1029 1768 Vonone
1073 1717 1322 1769 relictam
1367 1717 1420 1768 in
1473 1717 1634 1770 Suria
1679 1716 1981 1785 Ciliciaque

236 1812 629 1872 reposcerent;
680 1803 843 1856 simul
887 1811 1105 1855 veteres
1158 1804 1453 1871 Persarum*
1497 1821 1562 1856 ac
1613 1804 1981 1856 Macedonum

235 1891 518 1953 terminos,
567 1907 737 1959 seque
782 1890 1102 1942 invasurum
1148 1907 1405 1958 possessa
1449 1890 1687 1958 primum
1734 1889 1881 1960 Cyro
1925 1898 1982 1941 et
2041 1934 2044 1935 γ
2103 1916 2106 1918 v

236 1986 362 2045 post
402 1977 719 2028 Alexandro
758 1993 856 2044 per
893 1976 1357 2044 vaniloquentiam
1404 1994 1468 2028 ac
1513 1977 1691 2029 minas
1721 1966 1978 2044 iaciebat.

177 2089 200 2125 3
243 2064 354 2116 Sed
383 2064 598 2115 Parthis
626 2063 885 2115 mittendi
925 2070 1169 2114 secretos
1209 2062 1433 2114 nuntios
1461 2063 1831 2114 validissimus
1861 2079 1984 2114 auc-

238 2159 326 2201 tor
362 2150 466 2200 fuit
509 2150 791 2211 SinnaceS‚
828 2149 1033 2216 insigni
1070 2149 1279 2200 familia
1315 2165 1379 2201 ac
1417 2149 1646 2216 perinde
1683 2148 1896 2216 opibUS,
1926 2155 1983 2200 et

294 2345 330 2387 5.
370 2346 718 2374 successorem:
773 2333 837 2373 i.e.
886 2332 1068 2378 removal
1207 2340 1498 2373 senectutem
1523 2333 1711 2381 Tiberii,
1733 2338 1835 2372 ete:
1867 2331 1984 2385 there

237 2388 343 2429 from
362 2389 427 2427 his
447 2389 682 2427 command.
1151 2400 1236 2426 was
1256 2401 1280 2426 a
1298 2387 1419 2427 letter
1439 2387 1486 2426 of
1509 2387 1575 2427 his
1601 2393 1644 2426 to
1662 2387 1863 2434 Tiberius,
1875 2392 1984 2438 par-

294 2454 330 2496 7.
360 2443 609 2483 incolumis
644 2472 653 2482 .
689 2472 699 2482 .
735 2472 745 2482 .
780 2443 978 2482 mansit:
1013 2442 1068 2481 he
1153 2442 1312 2481 ricidia
1351 2448 1390 2481 et
1434 2442 1571 2481 caedes
1616 2447 1655 2480 et
1691 2442 1911 2493 ignaviam
1948 2445 1985 2480 et

236 2511 320 2537 was
349 2504 423 2550 put
452 2504 495 2536 to
530 2497 656 2536 death
688 2497 743 2548 by
771 2497 958 2548 Caligula
990 2497 1067 2535 five
1153 2497 1381 2536 luxuriam
1430 2497 1652 2544 obicientis,
1701 2496 1984 2548 monentisque
2063 2511 2066 2513 ’

237 2566 353 2604 years
373 2552 622 2591 afterwards.
1155 2557 1204 2590 ut
1219 2552 1466 2590 voluntaria
1489 2557 1618 2590 morte
1637 2551 1825 2590 maximo
1845 2550 1983 2589 iustis-

291 2605 374 2649 31.
417 2608 466 2646 C.
506 2607 689 2646 Cestio:
739 2619 808 2645 see
845 2616 879 2658 7.
917 2616 954 2657 3,
986 2606 1069 2645 and
1152 2607 1336 2657 simoque
1355 2606 1515 2645 civium
1541 2606 1634 2644 odio
1662 2605 1983 2657 quamprimum

237 2662 319 2701 III.
343 2661 405 2712 36.
427 2672 463 2700 2.
1152 2661 1417 2714 satisfaceret.
1482 2660 1615 2712 (Suet.
1646 2660 1735 2700 Tib.
1758 2658 1847 2712 66.)

294 2718 357 2756 M.
393 2716 615 2757 Servilio:
654 2715 720 2754 his
757 2728 948 2754 surname
985 2728 1070 2754 was
1208 2716 1422 2755 Artaxia:
1454 2728 1524 2754 see
1545 2716 1602 2754 II.
1625 2715 1688 2768 56.
1711 2725 1749 2766 3.

236 2771 465 2815 Nonianus,
484 2772 567 2810 and
587 2771 640 2809 he
660 2783 743 2809 was
763 2783 788 2809 a
806 2770 1006 2809 historian
1027 2769 1075 2808 of
1209 2771 1395 2810 missis:
1426 2783 1478 2810 sc.
1499 2776 1542 2809 to
1560 2770 1761 2809 Tiberius.

237 2827 367 2865 merit.
433 2826 554 2865 Clari
573 2827 646 2864 vir
667 2826 833 2877 ingenii
855 2831 893 2863 et
910 2830 1068 2863 senten·
1207 2826 1434 2865 Vonone:
1466 2838 1536 2864 see
1557 2825 1615 2864 ΙΙ.
1638 2824 1689 2877 58
1709 2824 1793 2863 and
1814 2822 1879 2863 68.

237 2882 310 2919 tiis
329 2881 478 2928 creber,
499 2881 572 2919 sed
587 2881 732 2919 minus
752 2886 922 2931 pressus
941 2891 1068 2930 quam
1208 2887 1404 2927 veteres,
1429 2885 1532 2919 etc.:
1564 2879 1619 2918 he
1648 2879 1851 2930 regarded
1878 2877 1982 2917 him-

235 2935 434 2974 historiae
454 2936 683 2974 auctoritas
693 2935 902 2986 postulat,·
927 2933 1068 2984 Quint.
1153 2934 1234 2973 sels
1258 2947 1302 2973 as
1331 2935 1402 2973 the
1431 2946 1642 2973 successor
1670 2933 1718 2972 of
1743 2932 1872 2984 Cyrus
1900 2932 1980 2972 and

238 2990 291 3028 X.
317 3001 350 3029 1.
376 3001 470 3038 1023
505 2990 556 3030 cf.
579 2990 683 3029 Plin.
703 2990 813 3040 Epp.
834 2989 869 3028 I.
894 2998 954 3038 13.
976 2998 1013 3038 3.
1153 2988 1400 3028 Alexander.

294 3045 555 3084 Artabano:
588 3057 657 3083 see
679 3044 737 3083 11.
761 3055 798 3094 3.
828 3054 861 3082 1.
1208 3055 1291 3095 per
1320 3073 1329 3083 .
1361 3073 1371 3083 .
1403 3073 1413 3082 .
1443 3042 1653 3089 iaciebat,
1682 3041 1823 3081 talked
1847 3041 1983 3091 loudly

294 3109 331 3137 2.
362 3110 495 3137 mox:
545 3099 667 3137 when
715 3112 770 3136 no
816 3097 962 3148 longer
1008 3110 1068 3136 re·
1154 3098 1305 3142 about,·
1334 3110 1512 3147 governs
1531 3097 1633 3135 both
1654 3096 1880 3136 terminos
1900 3095 1981 3136 and

237 3153 421 3193 strained
440 3153 494 3204 by
513 3153 594 3192 this
613 3152 713 3193 sear.
1154 3152 1226 3191 the
1247 3151 1383 3192 clause
1404 3163 1456 3192 se
1477 3181 1487 3192 .
1509 3179 1518 3191 .
1540 3180 1551 3192 .
1571 3151 1847 3192 Alexandro·
