2170 3488
180 225 259 268 178
965 223 1220 264 TAcrrUS.
1762 223 1913 275 [Boon
1941 223 2000 265 11.

261 361 558 429 statimque
582 377 616 412 a
643 360 822 430 Cotye
849 359 1077 411 dimissa
1115 367 1245 410 sunt
1281 376 1421 427 quae
1459 367 1744 426 paraverat
1783 360 1994 413 auxilia.

200 472 223 497 2
265 446 640 514 Rhescuporis
680 447 809 497 ficta
847 445 1118 496 modestia
1156 445 1399 511 postulat
1439 446 1676 497 eundem
1719 445 1777 496 in
1818 446 1998 497 locum

199 558 222 595 3
263 533 532 586 coiretur:
562 549 727 599 posse
753 533 821 582 de
849 531 1237 582 controversiis
1266 531 1535 599 colloquio
1562 531 1809 599 transigi.
1879 531 2000 584 Nec

259 620 350 672 diu
379 618 688 671 dubitatum
718 618 786 669 de
812 625 1062 684 ternpore
1089 617 1208 669 loco
1247 617 1374 669 dein
1415 618 1844 679 condicionibuS,
1875 635 1999 670 curn

259 706 399 757 alter
423 704 704 766 facilitate,
734 704 874 755 alter
898 703 1091 754 fraude
1124 711 1324 755 cuncta
1362 703 1508 755 inter
1534 720 1593 755 se
1632 705 1999 756 concederent

197 818 223 853 4
261 791 695 858 acciperentque.
791 789 1169 856 Rhescuporis
1221 790 1533 852 sanciendO,
1581 797 1643 841 ut
1694 790 1998 852 dictitabat,

258 877 466 929 foederi
505 876 814 928 convivium
855 875 1038 937 adicit,
1079 883 1364 943 tractaque
1406 876 1462 926 in
1505 876 1734 927 multam
1777 884 1998 928 noctem

259 963 468 1015 laetitia
504 977 604 1029 per
643 962 834 1029 epulas
873 979 937 1014 ac
975 962 1335 1013 vinolentiam
1374 962 1658 1014 incautum
1701 962 1885 1031 Cotyn
1927 970 1997 1024 et,

258 1058 551 1118 postquam
591 1048 777 1100 dolum
819 1048 1182 1110 intellexerat,
1226 1065 1381 1100 sacra
1421 1048 1593 1116 regni,
1635 1048 1883 1100 eiusdem
1927 1048 2003 1100 fa-

258 1136 438 1187 miliae
478 1136 626 1197 deOS,
669 1143 724 1186 et
767 1135 1056 1201 hospitalis
1102 1151 1323 1186 mensas
1369 1136 1745 1186 obtestantem
1791 1134 2001 1186 catenis

197 1245 221 1284 5
261 1229 466 1274 onerat.
545 1221 926 1288 Thraeciaque
953 1221 1103 1272 omni
1130 1221 1341 1288 potitus
1370 1221 1588 1288 scripsit
1622 1222 1691 1272 ad
1716 1221 2000 1273 Tiberium

261 1316 501 1361 structas
548 1307 652 1360 sibi
698 1307 940 1369 insidiaS,
982 1315 1343 1375 praeventum
1382 1307 1793 1370 insidiatorem;
1840 1307 2001 1378 simul

259 1395 463 1447 bellum
527 1395 789 1446 adversus
855 1394 1153 1446 Bastarnas
1220 1394 1568 1464 Scythasque
1631 1394 2002 1461 praetendens

259 1482 416 1533 novis
444 1481 690 1548 peditum
719 1488 775 1531 et
803 1480 1048 1548 equitum
1077 1480 1248 1548 copiis
1278 1497 1401 1532 sese
1428 1481 1695 1532 firmabat.

197 1581 223 1618 6
335 1567 579 1619 Molliter
604 1567 948 1634 rescriptum,
979 1566 1025 1618 si
1051 1567 1201 1618 fraus
1230 1567 1468 1629 abesset,
1498 1583 1661 1634 posse
1688 1582 1814 1618 eum
1853 1567 2003 1618 inno·

259 1654 475 1706 centiae
512 1654 715 1716 fidere3
767 1661 1011 1705 ceterum
1051 1669 1230 1721 neque
1270 1669 1330 1704 se
1371 1669 1550 1720 neque
1596 1661 1851 1704 senatum
1896 1652 2039 1704 nisi⁴
2094 1641 2098 1644 ⁴

259 1740 483 1808 cognita
532 1756 698 1791 causa
753 1739 838 1791 ius
903 1747 960 1791 et
1022 1739 1277 1791 iniuriam
1341 1739 1710 1802 discreturos;
1773 1739 2003 1806 proinde

258 1826 459 1878 tradito
501 1825 677 1895 Cotye
712 1826 926 1877 veniret
965 1826 1403 1893 transferretque
1442 1826 1702 1877 invidiam
1741 1825 1997 1877 criminis

174 1919 238 1964 66
259 1914 370 1964 Eas
397 1913 609 1964 litteras
639 1912 892 1964 Latinius
922 1913 1175 1963 Pandusa
1199 1929 1298 1979 pro
1323 1920 1576 1979 praetore
1605 1912 1850 1963 Moesiae
1877 1928 2002 1963 cum
2036 1944 2039 1946 —
2095 1919 2102 1931 ’·
2132 1914 2133 1934 ³

257 1999 539 2061 militibus,
587 1998 708 2066 quis
762 1998 935 2068 Cotys
987 1999 1311 2059 traderetur,
1359 1998 1414 2048 in
1467 1997 1788 2052 Thraeciam
1834 1997 1998 2050 misit.

198 2110 222 2135 2
263 2085 639 2152 Rhescuporis
690 2085 835 2135 inter
885 2092 1095 2136 metum
1148 2092 1203 2136 et
1255 2084 1390 2136 iram
1455 2091 1748 2136 cunctatus
1812 2083 2002 2135 maluit

235 2170 458 2239 -patrati
497 2187 661 2238 quam
700 2169 906 2237 incepti
944 2171 1202 2222 facinoris
1242 2187 1368 2222 reus
1408 2187 1563 2222 esse:
1603 2170 1779 2222 occidi
1820 2169 2002 2239 Cotyn

196 2281 221 2318 3
260 2258 413 2309 iubet
465 2264 809 2324 mortemque
861 2265 1060 2323 sponte
1125 2265 1402 2324 sumptam
1467 2256 1778 2308 ementitur.
1883 2256 2002 2308 Nec

257 2351 444 2395 tamen
474 2342 679 2394 Caesar
704 2342 935 2410 placitas
963 2343 1134 2394 semel
1160 2351 1308 2395 artes
1336 2343 1584 2404 mutavit,
1615 2343 1712 2394 sed
1739 2342 2002 2394 defuncto

255 2527 427 2580 phrases
455 2527 546 2566 that
573 2527 752 2579 precede
780 2526 837 2579 (Ι.
865 2533 929 2579 27.
961 2537 977 2566 1
1006 2526 1087 2578 n.).
1226 2536 1264 2580 5.
1313 2528 1595 2567 Bastarnas:
1646 2528 1913 2580 represented
1958 2528 2003 2567 in

310 2580 392 2624 65.
421 2582 614 2621 anxium
626 2582 850 2621 habebat:
870 2581 922 2621 cf.
934 2582 1088 2620 laetum
1170 2582 1241 2621 the
1286 2582 1521 2621 Germania
1560 2581 1656 2633 (46)
1695 2595 1740 2621 as
1769 2595 1795 2621 a
1822 2582 2003 2621 German

253 2636 467 2683 habebant,
484 2646 548 2688 57.
573 2646 606 2675 1.
1170 2636 1327 2676 nation.
1397 2636 1515 2686 They
1559 2636 1668 2675 lived
1714 2637 1759 2675 in
1805 2637 2003 2676 southern

311 2701 348 2730 2.
379 2691 624 2737 modestia,
645 2691 910 2741 compliance.
1172 2691 1339 2738 Russia;
1377 2691 1448 2729 the
1473 2690 1702 2741 Scythiam,
1723 2691 1879 2730 further
1903 2696 2001 2730 east.

310 2745 532 2786 coiretur:
567 2746 629 2783 πλε.
650 2745 748 2783 with
769 2745 832 2783 his
851 2745 1040 2796 nephew.
1225 2745 1263 2784 6.
1302 2745 1568 2785 transferret
1602 2745 1851 2785 invidiam:
1892 2759 1944 2785 sc.
1974 2759 2001 2784 a

309 2812 348 2849 4.
379 2799 847 2840 sanciendo'foederi:
873 2800 973 2838 Intr.
991 2809 1039 2852 35
1046 2800 1087 2853 f.
1168 2813 1208 2838 se
1228 2800 1277 2838 in
1304 2800 1444 2850 Cotyn.

310 2867 393 2907 per
411 2854 588 2906 epulas,
609 2859 710 2893 ete.:
745 2854 845 2893 Intr.
867 2863 916 2906 35
939 2855 968 2893 i.
1224 2852 1306 2896 66.
1349 2855 1593 2895 Pandusa:
1639 2855 1711 2894 the
1748 2855 2001 2907 manuscript

311 2920 456 2956 sacra,
477 2909 540 2948 tlte
557 2909 707 2948 sacred
719 2909 946 2948 character.
1169 2909 1282 2960 gives
1332 2910 1539 2957 Pandus,
1582 2911 1795 2949 corrected
1832 2915 1876 2948 to
1916 2910 2000 2949 Pa-

311 2964 524 3003 eiusdem
555 2993 565 3003 .
596 2993 606 3003 .
636 2992 646 3003 .
676 2975 893 3003 mensas:
925 2963 980 3002 he
1002 2963 1086 3002 vio-
1170 2964 1310 3011 dusa3
1346 2964 1417 3003 the
1441 2969 1600 3004 correct
1622 2963 1728 3003 form
1750 2964 1785 3003 is
1807 2963 1938 3003 found
1955 2964 2000 3003 in

255 3016 367 3057 lated
395 3018 466 3057 the
497 3023 578 3056 two
607 3023 715 3057 most
742 3017 902 3056 solemn
931 3017 1087 3068 obliga·
1169 3017 1446 3070 inscriptions.

255 3071 364 3110 tions
385 3084 538 3123 among
557 3072 759 3123 primitive
775 3071 952 3118 nations,
968 3072 1087 3110 those
1225 3082 1261 3123 3.
1292 3073 1503 3124 placitas,
1523 3073 1694 3112 decided
1706 3078 1832 3125 upon.

257 3124 306 3167 of
322 3125 491 3179 kinship
510 3127 595 3166 and
613 3126 733 3166 those
753 3125 802 3165 of
821 3125 1071 3179 hospitality.
1223 3133 1360 3175 artes,
1371 3127 1526 3179 policy.
