2170 3488
32 1291 71 1728 >4=s22422,w=a;W-··
39 1422 73 1440 g
36 1255 81 1390 ··‘⁴j‘³,.'j-
39 1206 74 1214 s
71 1160 73 1162 ι
39 951 66 1038 ³:
24 808 28 818 ”

15 2385 60 2445 ake.
27 2317 69 2374 *aa
24 1731 72 2308 mmmmm*

172 238 280 290 AD.
306 236 391 301 16.]‘
960 233 1208 290 ANNALS.
1921 251 1996 294 135

244 385 355 437 Sed
404 382 551 436 fama
603 383 794 436 classis
846 385 1081 436 amissae
1145 394 1205 450 ut
1259 385 1564 438 Germanos
1625 388 1693 437 ad
1757 404 1911 454 spem
1934 393 1996 438 25

170 471 314 532 belli,
344 470 422 522 ita
449 470 743 522 Caesarem
772 471 839 521 ad
868 472 1231 522 coercendum
1260 471 1446 523 erexit.
1529 471 1591 523 C.
1623 472 1758 524 Silio
1786 490 1910 524 cum
1951 492 1974 517 2

169 556 400 625 triginta
425 557 689 624 peditum,
720 556 898 608 tribus
927 557 1172 624 equitum
1206 558 1427 609 milibus
1463 558 1542 609 ire
1580 558 1637 608 in
1679 558 1912 610 Chattos

169 643 401 710 imperat
423 660 434 706 ;
473 643 592 710 ipse
619 642 917 694 maioribus
946 643 1118 710 copiis
1143 645 1360 695 Marsos
1387 644 1657 711 irrumpit,
1681 661 1911 712 quorum

170 730 279 781 dux
307 729 692 780 Mallovendus
721 746 897 795 nuper
923 729 979 779 in
1016 730 1353 781 deditionem
1396 738 1659 797 acceptus
1698 731 1914 797 propin-

169 832 276 884 quo
317 815 441 867 luco
486 815 764 866 defossam
809 815 1086 867 Varianae
1130 815 1366 883 legionis
1411 817 1648 883 aquilam
1696 816 1911 868 modico

169 902 439 970 praesidio
467 901 671 953 servari
703 901 924 953 indicat.
1006 902 1182 953 Missa
1220 902 1495 969 extemplo
1535 920 1731 954 manus
1771 920 1910 970 quae
1949 923 1973 959 3

169 989 387 1040 hostem
431 1006 464 1040 a
512 986 697 1040 fronte
748 988 986 1051 eliceret,
1034 988 1126 1039 alii
1177 989 1270 1056 qui
1320 997 1478 1056 terga
1529 989 1911 1056 circumgressi

169 1074 516 1127 recluderent
568 1075 831 1138 humum;
889 1082 943 1126 et
988 1075 1233 1142 utrisque
1285 1073 1459 1126 adfuit
1509 1075 1745 1127 fortuna.
1826 1076 1909 1126 Eo
1948 1097 1973 1132 4

169 1161 471 1229 promptior
510 1161 715 1213 Caesar
752 1161 934 1229 pergit
974 1161 1262 1224 introrsuS‚
1303 1162 1611 1228 populatur,
1641 1162 1911 1213 exscindit

170 1264 280 1299 non
307 1264 500 1299 ausum
529 1248 791 1315 congredi
818 1248 1038 1300 hostem
1065 1256 1173 1310 aut,
1199 1248 1375 1300 sicubi
1403 1248 1697 1310 restiterat,
1722 1248 1909 1300 statim

170 1333 385 1400 pulsum
414 1351 517 1386 nec
544 1351 802 1402 umquam
830 1335 1022 1402 magiS,
1053 1342 1112 1385 ut
1141 1351 1207 1385 ex
1233 1334 1467 1401 captivis
1495 1335 1779 1402 cognitum
1807 1343 1907 1396 est,

170 1427 475 1487 paventem.
557 1420 778 1488 Quippe
818 1420 1056 1472 invictos
1097 1429 1151 1472 et
1203 1421 1370 1472 nullis
1423 1421 1641 1472 casibus
1694 1437 1909 1487 supera·
1948 1442 1972 1481 5

170 1505 307 1558 biles
336 1496 620 1558 Romanos
651 1507 1059 1573 praedicabant,
1090 1507 1182 1575 qui
1222 1508 1435 1574 perdita
1474 1507 1662 1568 classe,
1693 1506 1909 1557 amissis

170 1592 349 1654 armiS,
392 1601 517 1660 post
558 1601 841 1644 constrata
892 1611 1156 1661 equorum
1196 1594 1549 1661 virorumque
1591 1593 1909 1660 corporibus

106 1729 109 1732 ,
170 1679 330 1730 litora
356 1680 547 1730 eadem
576 1679 798 1741 virtute,
828 1680 945 1747 pari
980 1680 1198 1741 ferocia,
1231 1688 1286 1730 et
1313 1680 1463 1731 velut
1497 1679 1643 1731 aucti
1682 1696 1910 1730 numero

170 1765 511 1832 irrupissent.
611 1767 900 1817 Reductus
946 1766 1074 1818 inde
1125 1766 1180 1817 in
1234 1766 1464 1817 hiberna
1515 1766 1687 1827 miles,
1732 1765 1908 1816 laetus
1933 1770 1995 1815 26

170 1852 353 1914 animi,
395 1853 540 1920 quod
578 1853 807 1904 adversa
852 1853 1018 1904 maris
1070 1853 1420 1920 expeditione
1472 1869 1733 1919 prospera
1784 1868 1912 1918 pen·

171 1938 415 1990 savisset.
497 1938 732 1990 Addidit
771 1939 1206 1991 munificentiam
1237 1939 1456 2000 Caesar,
1487 1946 1751 2005 quantum
1786 1937 1909 2005 quis

171 2025 356 2076 damni
382 2025 664 2092 professus
693 2033 808 2076 erat
837 2025 1183 2078 exsolvendo,

244 2112 365 2163 Nec
417 2111 644 2163 dubium
697 2112 1004 2163 habebatur
1053 2112 1237 2163 labare
1288 2112 1478 2163 hostes
1529 2111 1911 2178 petendaeque
1949 2131 1972 2156 2

171 2197 320 2264 pacis
361 2198 589 2249 consilia
628 2215 859 2260 sumere,
903 2206 957 2249 et
999 2198 1044 2249 si
1083 2198 1329 2265 proxima
1367 2206 1547 2249 aestas
1586 2197 1906 2259 adiceretur,

171 2301 334 2350 posse
386 2284 591 2336 bellum
645 2285 862 2351 patrari.
944 2285 1054 2336 Sed
1108 2285 1314 2336 crebris
1361 2284 1612 2351 epistulis
1652 2283 1907 2335 Tiberius
1948 2305 1972 2339 3

172 2371 430 2422 monebat
481 2371 683 2422 rediret
735 2372 803 2422 ad
854 2372 1137 2423 decretum
1189 2371 1562 2437 triumphum:
1615 2370 1749 2421 satis
1802 2370 1908 2420 iam

171 2500 214 2541 in
233 2502 350 2541 these
375 2507 522 2541 terms:
539 2503 741 2550 ——z‘llum,
754 2504 895 2555 pigris
924 2504 1001 2542 im-

172 2557 323 2595 mania
372 2563 556 2595 monstra
606 2558 679 2596 sub
726 2559 853 2596 undis
886 2557 891 2610 Ι
929 2560 1004 2610 qui

163 2611 292 2666 ferat,
316 2612 539 2659 Oceanum,
560 2613 635 2663 qui
654 2625 796 2651 saevas
817 2613 1003 2664 undique

173 2666 335 2716 pristis,
370 2664 375 2718 Ι
413 2679 706 2718 aequoreosque
737 2681 868 2714 canes,
897 2669 1001 2706 rati-

172 2720 244 2758 bus
262 2734 502 2772 consurgere
512 2722 695 2772 prensis.
749 2722 814 2773 (in
831 2723 1002 2770 Seneca,

175 2774 342 2814 Suasor.
366 2775 398 2814 I.
425 2774 508 2827 15.)

227 2831 474 2881 ambiguas
510 2861 519 2870 .
554 2860 563 2869 .
601 2861 610 2870 .
645 2831 843 2870 formas:
885 2832 1003 2870 these

171 2899 278 2924 were
298 2887 368 2924 the
389 2886 816 2938 monstra,--partly
834 2886 1002 2933 human,

171 2941 302 2992 partly
321 2942 484 2989 animal,
505 2942 588 2980 like
618 2942 851 2980 mermaids.
912 2941 1003 2979 The

171 2996 350 3045 genitive
371 2997 543 3035 denotes
559 2997 630 3035 the
645 2996 800 3047 objects
814 2996 1003 3035 between

172 3049 307 3088 which
327 3050 398 3089 the
420 3051 549 3090 doubt
570 3051 738 3090 existed.

227 3101 309 3146 25.
351 3115 387 3143 2.
422 3105 648 3155 aquilam:
700 3105 818 3144 three
866 3104 1003 3155 eagles

171 3156 256 3197 had
275 3158 383 3197 been
402 3158 482 3198 lost
499 3159 599 3198 with
618 3160 763 3200 Varus,
809 3159 900 3200 The
920 3159 1004 3198 first

1080 2517 1163 2543 was
1196 2503 1418 2542 recovered
1451 2503 1522 2541 the
1555 2515 1652 2553 year
1679 2502 1821 2540 before
1855 2501 1912 2553 (Ι.

1081 2558 1145 2598 60.
1165 2557 1212 2609 4)
1230 2571 1239 2605 ;
1270 2558 1342 2596 the
1362 2557 1728 2607 third‚.according
1747 2562 1789 2594 to
1816 2556 1912 2603 Dio,

1080 2613 1123 2651 in
1142 2614 1213 2651 the
1234 2612 1331 2650 time
1353 2611 1399 2650 of
1415 2611 1621 2650 Claudius.

1137 2678 1173 2717 3.
1203 2667 1411 2706 hostem:
1450 2666 1520 2704 the
1556 2665 1760 2703 modicum
1782 2670 1911 2716 prae·

1081 2722 1258 2760 didium.

1136 2774 1218 2819 26.
1246 2775 1411 2815 animi:
1429 2775 1530 2813 Intr.
1545 2783 1593 2826 35
1610 2787 1647 2822 e;
1669 2778 1912 2812 aconstruc-

1080 2832 1168 2870 tion
1190 2830 1406 2882 especially
1426 2842 1618 2868 common
1637 2828 1735 2866 with
1756 2827 1910 2866 animi.

1136 2887 1256 2937 quis,
1283 2899 1368 2936 any
1389 2898 1463 2923 one
1483 2884 1530 2922 of
1545 2884 1616 2921 the
1636 2882 1818 2921 soldiers.

1136 2951 1173 2991 3.
1205 2942 1442 2980 decretum
1486 2938 1798 2989 triumphum:
1843 2947 1912 2974 see

1081 2996 1114 3034 I.
1191 3025 1200 3034 .
1227 3006 1260 3034 1.

1136 3005 1252 3089 {itis
1277 3078 1284 3086 .
1308 3079 1317 3088 .
1341 3079 1348 3087 .
1370 3059 1593 3088 casuum:
1627 3046 1698 3085 the
1725 3043 1914 3097 puzzling

1082 3104 1270 3155 question
1309 3103 1402 3153 why
1440 3102 1510 3140 the
1550 3100 1718 3139 frontier
1755 3099 1803 3138 of
1841 3098 1912 3137 the

1083 3159 1187 3197 Elbe
1215 3170 1298 3197 was
1328 3157 1450 3208 given
1484 3168 1539 3208 up
1570 3155 1624 3206 by
1650 3153 1850 3200 Tiberius,
1878 3152 1913 3191 is
