2170 3488
44 238 85 277 ,Χ
165 211 275 251 A.D.
299 211 385 264 15.]

944 213 1188 254 ANNALS.
1936 214 1991 259 87

165 363 365 413 magna
394 363 463 398 ex
487 355 642 413 parte
669 365 767 415 per
804 365 943 415 quae
982 350 1225 416 egeritur
1263 351 1463 402 humus
1501 358 1611 402 aut.
1637 350 1906 414 exciditur

163 449 390 499 caespes
410 450 424 496 ;
461 450 573 484 non
611 434 851 485 tentoria
889 435 1198 502 manipulis,
1234 453 1346 486 non
1383 436 1633 488 fomenta
1671 437 1904 500 sauciis;

166 517 402 570 infectos
429 535 600 570 caeno
626 527 721 571 aut
749 537 940 572 cruore
960 521 1112 573 cibos
1139 521 1449 574 dividentes
1474 522 1727 574 funestas
1755 530 1905 574 tene-

165 604 291 656 bras
320 611 376 655 et
402 612 486 656 tot
513 605 797 657 hominum
828 606 1050 658 milibus
1090 625 1260 659 unum
1300 608 1406 659 iam
1447 608 1715 676 reliquum
1756 609 1902 660 diem

163 691 619 744 lamentabantur.

243 779 412 830 Forte
451 795 624 846 equus
658 778 909 846 abruptis
956 779 1190 831 vinculis
1221 797 1394 848 vagus
1429 788 1484 832 et
1525 781 1762 832 clamore
1800 788 1904 833 ter·
1925 788 1987 831 66

163 865 302 917 ritus
347 866 611 933 quosdam
662 865 1069 917 occurrentium
1123 867 1451 918 obturbavit.
1542 868 1725 918 Tanta
1777 866 1906 919 inde
1933 888 1955 912 2

85 1017 94 1024 φ
162 951 537 1004 consternatio
575 951 836 1019 irrupisse
878 951 1184 1003 Germanos
1223 953 1566 1004 credentium
1609 961 1669 1004 ut
1715 954 1904 1006 cuncti

162 1045 385 1090 ruerent
412 1038 479 1089 ad
505 1045 707 1104 portas,
737 1055 965 1105 quarum
994 1038 1298 1089 decumana
1332 1039 1565 1089 maxime
1593 1041 1900 1106 petebatur,

160 1141 351 1176 aversa
390 1124 539 1175 hosti
584 1132 639 1175 et
678 1123 1022 1191 fugientibus
1066 1124 1250 1176 tutior.
1347 1125 1585 1176 Caecina
1623 1134 1903 1193 comperto
1930 1146 1953 1182 3

159 1228 356 1262 vanam
395 1227 518 1262 esse
554 1209 921 1272 formidinem,
964 1227 1088 1261 cum
1128 1218 1314 1262 tamen
1355 1228 1534 1278 neque
1573 1212 1902 1263 auctoritate

16 1329 19 1339 ‹
160 1314 343 1365 neque¹
376 1296 646 1364 precibus,
676 1313 747 1347 ne
778 1314 944 1348 manu
980 1297 1201 1370 quidem
1234 1297 1503 1348 obsistere
1534 1305 1628 1348 aut
1665 1298 1902 1350 retinere

159 1383 391 1435 militem
431 1383 626 1451 quiret,
666 1382 945 1450 proiectus
990 1383 1047 1433 in
1092 1383 1281 1434 limine
1320 1392 1509 1450 portae
1548 1383 1902 1435 miseratione

160 1471 397 1532 demum,
444 1469 571 1537 quia
620 1486 718 1536 per
762 1486 960 1536 corpus
1011 1469 1181 1537 legati
1233 1470 1473 1521 eundum
1525 1478 1656 1531 erat,
1705 1470 1901 1521 clausit

23 1546 26 1547 ⁷
75 1553 77 1555 ’
157 1556 334 1619 viam3
398 1555 560 1607 simul
616 1556 824 1607 tribuni
878 1564 933 1608 et
988 1556 1339 1608 centuriones
1391 1555 1592 1607 falsum
1646 1573 1898 1623 pavorem

13 1791 42 1840 ¹?
59 1802 79 1870 ²,
157 1822 361 1867 monet.

158 1659 282 1694 esse
308 1643 626 1694 docuerunt.
707 1643 866 1694 Tunc
894 1650 1208 1694 contractos
1237 1642 1291 1693 in
1319 1641 1590 1709 principia
1615 1641 1902 1709 iussosque
1923 1647 1982 1692 67

159 1729 308 1781 dicta
357 1745 483 1781 cum
540 1728 761 1780 silentio
817 1728 1066 1795 accipere
1119 1728 1384 1796 temporis
1435 1745 1499 1780 ac
1550 1728 1900 1780 necessitatis

442 1815 630 1867 Unam
668 1814 726 1866 in
765 1815 930 1866 armis
970 1814 1221 1876 salutem,
1260 1816 1358 1866 sed
1396 1831 1462 1866 ea
1499 1814 1729 1866 consilio
1767 1821 1901 1866 tem-

82 1900 86 1902 *
156 1902 399 1969 peranda
436 1902 882 1970 manendumque
920 1901 1066 1953 intra
1090 1901 1308 1963 vallum,
1337 1902 1515 1953 donec
1547 1899 1900 1969 expugnandi

157 1990 349 2041 hostes
400 2005 498 2056 spe
548 1988 771 2055 propius
818 1989 1216 2050 succederent;
1268 2004 1395 2039 mox
1439 1988 1681 2055 undique
1726 2004 1899 2038 erum-

155 2076 426 2143 pendum:
466 2074 558 2125 illa
583 2074 870 2141 eruptione
896 2075 965 2126 ad
995 2075 1255 2126 Rhenum
1287 2073 1576 2140 perveniri.
1655 2073 1818 2141 Quod
1854 2074 1900 2126 si
1938 2095 1961 2120 2

154 2162 430 2230 fugerent,
459 2160 630 2228 pluris
666 2161 846 2223 silvas,
887 2161 1189 2228 profundas
1230 2160 1406 2227 magis
1447 2159 1690 2226 paludeS,
1732 2161 1899 2211 saevi-

154 2248 288 2301 tiam
329 2248 572 2300 hostium
610 2264 933 2315 superesse;
983 2255 1040 2298 at
1085 2246 1388 2298 victoribus
1440 2247 1608 2297 decus
1648 2246 1894 2314 gloriam.

1069 2415 1162 2453 emy
1196 2400 1383 2453 (aversa
1421 2399 1590 2453 hosti),
1624 2400 1722 2452 they
1749 2400 1901 2441 rushed

211 2417 295 2458 per
312 2417 446 2457 quae,
466 2410 569 2445 etc.:
595 2405 658 2444 τῖε.
673 2403 853 2452 baskets‚
866 2402 985 2451 took,

160 2466 238 2501 etc.
274 2499 279 2503 .

213 2526 375 2562 unum,
409 2519 512 2554 etc.:
559 2514 630 2553 the
668 2513 988 2553 circumstances

158 2582 266 2609 were
302 2569 389 2609 like
422 2570 541 2608 those
576 2568 625 2607 of
651 2569 795 2608 Varus'
830 2568 987 2607 second

149 2629 451 2676 'encampment
474 2622 562 2675 (61.
584 2623 649 2674 3).

211 2676 295 2721 66.
349 2689 385 2718 2.
431 2679 715 2718 decumana:
757 2677 829 2716 the
866 2689 988 2729 camp

157 2732 242 2772 had
259 2732 351 2772 four
369 2738 498 2783 gates,
515 2745 595 2771 one
616 2738 659 2771 at
678 2732 749 2771 the
768 2731 925 2771 middle
945 2731 994 2770 of

158 2788 262 2827 each
292 2788 341 2827 of
363 2788 434 2826 the
459 2787 550 2826 four
569 2787 842 2834 sides‚—the
859 2793 987 2838 prae-

157 2843 281 2890 toria,
296 2844 474 2888 towards
493 2842 564 2881 the
585 2854 733 2892 enemy
757 2841 821 2892 (in
842 2842 989 2891 theory

157 2898 334 2937 towards
364 2898 435 2936 the
470 2896 604 2948 east);
650 2896 722 2934 the
755 2896 987 2934 decumana

158 2952 368 3003 opposite;
404 2952 488 2991 and
514 2951 585 2990 the
605 2951 869 3002 principalis
893 2950 987 2988 dex-

158 3010 227 3044 tra
255 3008 337 3045 and
362 3006 552 3052 sinistra,
582 3018 638 3044 on
666 3005 738 3044 the
766 3005 876 3055 right
904 3004 989 3043 and

157 3058 231 3099 left
250 3060 518 3112 respectively
535 3059 626 3111 (see
647 3059 709 3098 61.
730 3070 754 3110 3
775 3058 856 3110 n.).
896 3059 988 3097 The

159 3114 389 3154 decumana
409 3114 537 3164 being
559 3126 673 3164 away
693 3113 798 3152 from
821 3113 892 3152 the
917 3125 987 3151 en-

1069 2456 1131 2496 for
1151 2457 1232 2495 this
1251 2461 1359 2506 gate.

1124 2511 1274 2550 hosti:
1307 2510 1378 2549 the
1408 2509 1505 2560 only
1529 2509 1685 2548 certain
1714 2510 1899 2549 instance

1069 2565 1118 2604 of
1141 2565 1212 2604 the
1243 2564 1380 2604 dative
1404 2564 1503 2603 with
1531 2577 1700 2603 aversus
1726 2563 1906 2616 (turned

1068 2633 1192 2672 away
1209 2618 1369 2673 from).

1124 2685 1162 2726 3.
1192 2680 1456 2725 comperto:
1491 2674 1591 2712 Intr.
1613 2682 1661 2724 35
1683 2686 1716 2712 o.

1124 2730 1372 2782 proiectus,
1394 2729 1556 2779 casting
1568 2728 1742 2780 himself
1748 2726 1879 2766 down.

1124 2783 1208 2826 67.
1249 2784 1486 2835 temporis,
1516 2782 1614 2820 with
1649 2788 1832 2820 monet:
1874 2794 1898 2819 a

1069 2839 1193 2878 novel
1222 2838 1501 2877 construction
1530 2836 1630 2875 with
1663 2836 1744 2874 this
1770 2835 1897 2882 word,

1070 2906 1264 2933 common
1283 2893 1382 2931 with
1404 2892 1612 2937 admoneo,
1633 2896 1709 2942 etc.

1125 2947 1448 3000 expugnandi:
1482 2945 1658 2995 limiting
1677 2956 1775 2996 spe.

1125 3002 1378 3054 perveniri:
1420 2998 1688 3051 impersonal3
1735 2999 1783 3049 by
1812 2997 1902 3036 that

1069 3058 1174 3108 sally
1191 3070 1251 3095 we
1270 3055 1391 3093 reaclz
1411 3054 1473 3092 tlte
1491 3053 1643 3093 Rhine.

1126 3122 1163 3150 2.
1192 3110 1449 3150 victoribus
1468 3126 1508 3142 =
1530 3108 1568 3146 si
1586 3107 1788 3146 vicissent.
