2170 3488
201 209 313 250 ΑΒ.
335 208 424 262 20.]
744 216 746 218 ’
992 201 1238 250 ANNALS.
1951 208 2031 250 211

201 361 305 406 me,
336 344 555 406 Caesar,
585 361 710 396 cum
737 346 846 396 fide
872 346 1163 397 adversum
1190 354 1262 407 te,
1293 362 1471 413 neque
1497 346 1602 397 alia
1627 345 1686 396 in
1713 353 1944 397 matrem

199 437 351 483 tuam
394 430 611 498 'pietate
631 448 643 493 ;
693 447 901 499 vosque
952 449 1047 483 oro
1097 431 1284 483 liberis
1335 432 1473 483 meis
1521 431 1836 493 consulatiS,
1879 448 1946 483 ex

199 516 397 585 quibus
444 517 543 569 Cn.
595 517 720 568 Piso
766 518 1151 586 qualicumque
1195 519 1454 570 fortunae
1500 535 1656 570 meae
1703 535 1815 569 non
1860 526 1945 569 est

198 602 507 665 adiunctus,
564 621 688 655 cum
750 621 912 655 omne
976 605 1080 656 hoc
1146 612 1367 672 tempus
1427 604 1484 656 in
1549 606 1685 656 urbe
1749 604 1942 672 egerit,

200 689 275 740 M.
303 689 428 740 Piso
454 697 706 756 repetere
729 690 944 742 Suriam
973 691 1298 742 dehortatus
1326 699 1427 753 est,
1447 722 1516 729 —
1535 702 1702 758 atque
1729 691 1942 742 utinam
1983 705 2007 740 6

190 791 304 843 ego
346 775 533 843 potius
577 776 688 827 filio
733 776 917 827 iuveni
962 795 1126 844 quam
1173 778 1263 831 ille
1307 778 1452 845 patri
1498 777 1617 829 seni
1663 777 1938 829 cessisset.

200 862 285 913 Eo
310 861 614 929 impensius
640 874 848 930 precor,
879 879 950 914 ne
989 880 1144 915 meae
1183 865 1484 931 pravitatis.
1510 881 1718 931 poenas
1759 864 1944 915 innox·
1981 890 2005 924 7

198 948 282 999 ius
327 947 456 1001 luat.
537 948 642 999 Per
678 949 922 1017 quinque
967 957 1022 1001 et
1068 951 1435 1018 quadraginta
1479 968 1747 1002 annorum
1793 951 1946 1002 obse·

198 1034 401 1102 quium,
424 1051 524 1103 per
543 1035 834 1103 collegium
865 1036 1200 1097 consulatus,
1225 1038 1501 1104 quondam
1530 1037 1653 1088 divo
1682 1037 1942 1104 Augusto

196 1121 412 1188 parenti
437 1129 535 1173 tuo
561 1122 826 1189 probatus
866 1130 922 1173 et
962 1123 1063 1174 tibi
1102 1123 1310 1174 amicus
1349 1141 1452 1174 nec
1491 1123 1782 1190 quicquam
1815 1132 1941 1190 post

197 1207 334 1260 haec
360 1216 652 1275 rogaturus
681 1209 916 1259 salutem
945 1209 1180 1260 infelicis
1207 1209 1303 1260 filii
1330 1208 1495 1276 rog0.’
1564 1209 1651 1260 De
1680 1209 1940 1260 Plancina
1982 1224 2003 1259 8

196 1293 333 1344 nihil
359 1294 581 1346 addidit.

271 1381 402 1431 Post
429 1398 568 1448 quae
594 1381 850 1433 Tiberius
883 1382 1296 1434 adulescentem
1335 1382 1565 1434 crimine
1602 1382 1774 1433 civilis
1814 1382 1942 1434 belli
1964 1389 2022 1432 17

196 1464 464 1535 purgavit,
494 1468 667 1534 patris
696 1468 898 1535 quippe
930 1468 1080 1519 iussa
1115 1485 1219 1519 nec
1258 1468 1507 1535 potuisse
1534 1468 1706 1518 filium
1733 1469 1943 1520 detrec-

195 1560 328 1615 tare,
383 1554 545 1605 simul
598 1554 948 1606 nobilitatem
1001 1555 1212 1616 domus,
1268 1555 1434 1606 etiam
1486 1554 1658 1621 ipsius
1722 1571 1940 1622 quoquo

195 1641 358 1691 modo
403 1640 584 1692 meriti
629 1658 854 1709 gravem
902 1659 1091 1693 casum
1136 1642 1442 1692 miseratus,
1528 1642 1630 1692 Pro
1679 1641 1940 1693 Plancina
1979 1666 2003 1690 2

196 1743 320 1779 cum
341 1728 549 1794 pudore
576 1735 632 1779 et
654 1728 864 1795 flagitio
881 1728 1163 1790 disseruit,
1188 1728 1379 1779 matris
1401 1744 1593 1795 preces
1612 1728 1935 1789 obtendens,

194 1812 252 1864 in
279 1831 443 1882 quam
470 1814 664 1881 optimi
692 1813 957 1882 cuiusque
989 1813 1189 1866 secreti
1215 1822 1445 1882 questus
1481 1813 1658 1881 magis
1694 1814 1942 1866 ardesce-

194 1899 358 1952 bant:
406 1899 462 1951 id
489 1917 619 1968 ergo
644 1900 731 1952 fas
766 1901 934 1962 aviae,
966 1900 1396 1952 interfectricem
1424 1900 1642 1967 nepotis
1670 1900 1931 1967 aspicere,
1976 1925 2000 1961 3

194 1986 409 2055 alloqui,
438 1986 651 2054 eripere
678 1987 927 2050 senatui;
973 1988 1118 2055 quod
1146 2005 1243 2054 pro
1266 1987 1522 2038 omnibus
1546 1987 1756 2038 civibus
1784 1987 1937 2054 leges

194 2073 498 2135 obtineant,
546 2073 642 2124 uni
695 2073 1027 2125 Germanico
1079 2090 1190 2124 non
1241 2073 1575 2140 contigisse;
1631 2072 1840 2124 Vitellii
1880 2081 1935 2124 et
1974 2098 2000 2133 4

194 2158 421 2211 Veranii
446 2177 581 2211 voce
615 2160 879 2212 defletum
915 2160 1223 2222 Caesarem,
1253 2161 1321 2211 ab
1362 2159 1691 2226 imperatore
1731 2167 1785 2210 et
1825 2159 1940 2211 Au-

191 2253 357 2314 gusta
375 2246 660 2298 defensam
683 2246 1000 2299 Plancinam
1016 2264 1028 2310 ;
1067 2247 1296 2314 proinde
1317 2263 1532 2298 venena
1559 2254 1614 2297 et
1644 2254 1791 2297 artes
1819 2253 1932 2297 tarn
1973 2269 1996 2306 5

191 2332 431 2385 feliciter
457 2341 708 2401 expertas
729 2342 970 2386 verteret
997 2334 1054 2385 in
1076 2334 1463 2402 Agrippinam,
1488 2333 1545 2384 in
1572 2333 1773 2384 liberos
1800 2332 1933 2394 eiuS,

193 2420 581 2489 egregiamque
632 2420 810 2473 aviam
861 2438 925 2473 ac
975 2429 1233 2488 patruum
1280 2420 1550 2487 sanguine
1596 2419 1935 2470 miserrimae

193 2507 387 2559 domus
405 2507 712 2560 exsatiaret.
770 2507 1005 2559 Biduum
1028 2525 1193 2574 super
1214 2508 1315 2558 hac
1336 2506 1576 2573 imagine
1599 2505 1931 2573 cognitionis
1974 2519 1997 2553 6

191 2594 562 2662 absumptum,
592 2601 827 2661 urgente
853 2593 1076 2645 Tiberio
1102 2593 1304 2644 liberos
1335 2592 1548 2643 Pisonis
1584 2598 1816 2643 matrem
1854 2591 1933 2641 uti

191 2687 493 2733 tuerentur.

266 2762 340 2813 Et
393 2778 518 2813 cum
571 2769 920 2813 accusatores
972 2778 1034 2812 ac
1085 2768 1261 2811 testes
1313 2759 1563 2811 certatim
1610 2766 1928 2824 perorarent
1970 2782 1994 2816 7

247 2904 520 2944 dehortatus
540 2909 636 2943 est:
669 2915 740 2942 see
759 2903 819 2942 ΙΙ.
841 2902 904 2954 76.
926 2913 964 2942 2.
1159 2912 1196 2941 2.
1226 2901 1418 2951 flagitio,
1448 2914 1474 2938 a
1505 2913 1614 2938 sense
1643 2900 1694 2952 of
1719 2899 1934 2950 disgrace,·

249 2967 286 3010 7.
322 2958 574 3009 collegium
606 2957 908 2997 consulatus:
953 2969 1024 2996 see
1103 2956 1155 2996 cf.
1168 2956 1322 3007 gloria,
1345 2956 1378 2993 Ι.
1400 2954 1436 2993 8.
1459 2965 1482 2992 2
1503 2967 1543 2993 n.

197 3021 257 3052 12.
280 3023 305 3052 2
323 3026 365 3052 n.
1159 3018 1196 3060 5.
1227 3016 1469 3060 patruum:
1503 3022 1573 3047 see
1593 3009 1628 3048 Ι.
1650 3019 1715 3060 33.
1736 3020 1760 3060 3
1780 3023 1821 3049 n.

248 3065 330 3110 17.
347 3067 719 3108 adulescentem:
736 3067 903 3106 Marcus
916 3066 1024 3105 Piso.
1158 3065 1196 3104 6.
1226 3064 1431 3114 imagine
1456 3063 1753 3114 cognitionis,
1773 3063 1934 3102 skadow

247 3121 402 3162 iussa:
433 3135 484 3163 sc.
503 3122 666 3162 fuisse.
1103 3120 1187 3172 osa
1207 3119 1325 3157 trial.
