2170 3488
52 676 83 687 ⁴-
42 609 60 630 ’·
25 0 85 558 sufirfflfflssmm

23 3344 77 3488 m
27 2540 74 3403 mamawmwuw
18 1804 33 1819 '¹
67 1691 70 1695 .
33 1615 73 1662 11:

175 252 283 291 A.D.
305 251 392 303 32.]
959 253 1204 294 ANNALS.
1924 256 2005 298 365

177 387 299 439 Nec
338 404 667 455 quemquam
713 388 963 455 exemplo
1007 406 1263 452 assum03
1315 396 1560 451 cunct05‚
1602 389 1696 457 qui
1740 390 1917 442 novis·
1957 413 1980 451 5
2014 379 2018 382 ⁴

175 476 300 528 simi
351 476 565 528 consilii
617 485 870 544 expertes
929 478 1150 540 fuimuS,
1204 494 1329 529 meo
1380 478 1544 530 unius
1601 478 1918 531 discrimine

174 562 480 615 defendam.
598 564 726 615 Non
790 564 938 615 enim
1005 564 1266 616 Seianum
1317 564 1751 627 Vulsiniensem,
1818 567 1915 617 sed
1956 582 1980 615 ο

176 647 438 701 Claudiae
465 657 521 701 et
555 642 728 701 Iuliae
766 651 962 702 domus
1001 658 1229 717 partem,
1259 667 1395 718 quas
1434 651 1722 702 adfinitate
1762 668 1918 704 occu-

173 743 413 804 paverat,
442 744 615 798 tuum,
648 736 866 798 Caesar,
895 754 1179 804 generum,
1209 737 1291 788 tui
1330 737 1650 789 consulatus
1690 738 1916 802 socium,

173 830 271 874 tua
304 822 482 874 officia
513 822 568 873 in
602 840 659 874 re
694 823 912 890 publica
950 831 1333 890 capessentem
1373 823 1702 876 colebamus
1785 825 1914 877 Non
1953 849 1980 887 7

172 917 259 961 est
285 917 536 961 nostrum
564 909 856 960 aestimare
882 926 1046 977 quem
1074 927 1239 976 supra
1265 918 1479 961 ceteros
1511 918 1569 962 et
1608 910 1808 978 quibus
1848 912 1917 963 de

174 995 352 1048 causis
379 996 606 1047 extollas
627 1013 639 1058 ;
678 995 782 1046 tibi
809 1013 1085 1047 summum
1114 1013 1294 1047 rerum
1322 996 1584 1048 iudicium
1611 997 1666 1047 di
1698 998 1915 1060 dedere,

173 1082 333 1133 nobis
361 1082 609 1150 obsequii
635 1082 809 1149 gloria
834 1082 1026 1134 relicta
1051 1090 1149 1134 est.
1229 1082 1559 1149 Spectamus
1586 1100 1747 1150 porro
1775 1101 1915 1151 quae
1956 1099 1978 1134 8

173 1189 354 1224 coram
395 1172 682 1233 habentur,
724 1172 812 1223 cui
852 1189 918 1223 ex
956 1179 1013 1224 te
1052 1189 1185 1239 opes
1225 1172 1478 1234 honoreS,
1520 1172 1642 1240 quis
1684 1173 1918 1240 plurima

171 1258 393 1310 iuvandi
438 1258 741 1310 nocendive
786 1258 1051 1325 potentia,
1099 1275 1239 1326 quae
1288 1258 1490 1310 Seiano
1534 1259 1709 1311 fuisse
1754 1277 1917 1312 nemo

171 1345 468 1412 negaverit.
538 1344 780 1396 Abditos
803 1345 1066 1412 principis
1093 1362 1304 1406 senSUS‚
1330 1352 1385 1396 et
1413 1345 1460 1396 si
1487 1345 1617 1412 quid
1644 1346 1914 1399 occultius
1954 1371 1980 1406 9

171 1442 341 1502 parat,
383 1434 667 1502 exquirere
709 1434 960 1485 illicitum
1000 1451 1239 1501 anceps:
1297 1451 1401 1486 nec
1440 1434 1565 1486 ideo
1604 1452 1911 1503 assequare.

173 1521 275 1583 Ne,
305 1529 490 1588 patres
518 1520 832 1587 conscripti,
862 1521 1117 1571 ultimum
1147 1520 1333 1573 Seiani
1360 1520 1521 1582 diem,
1547 1522 1644 1572 sed
1672 1523 1913 1575 sedecim
1958 1548 2003 1574 10

169 1624 345 1659 annos
373 1607 761 1675 cogitaveritis,
843 1607 1028 1658 Etiam
1070 1606 1314 1659 Satrium
1354 1614 1521 1675 atque
1554 1608 1914 1675 Pomponium

106 1706 109 1708 ’
167 1695 597 1756 venerabamur3
636 1693 847 1745 libertis
886 1710 1104 1761 quoque
1142 1710 1206 1745 ac
1245 1693 1572 1745 ianitoribus
1611 1695 1730 1746 eius
1766 1704 1917 1748 note-

169 1797 324 1833 scere
374 1797 473 1848 pro
524 1780 816 1848 magnifico
867 1780 1256 1847 accipiebatur.
1357 1780 1505 1847 Quid
1558 1781 1726 1848 ergo?
1779 1782 1915 1835 indi·
1956 1807 1999 1834 11

169 1870 374 1922 stincta
407 1870 544 1922 haec
571 1870 820 1921 defensio
853 1877 908 1920 et
941 1869 1214 1936 promisca
1248 1869 1506 1921 dabitur?
1546 1870 1714 1922 immo
1752 1872 1914 1925 iustis

166 1957 419 2009 terminis
457 1956 744 2008 dividatur.
827 1956 1068 2007 Insidiae
1107 1956 1165 2007 in
1204 1973 1320 2008 rem
1358 1956 1651 2023 publicam,
1687 1959 1916 2012 consilia

167 2044 351 2096 caedis
378 2044 667 2094 adversum
696 2043 1081 2109 imperatorem
1109 2042 1440 2109 puniantur:
1479 2043 1547 2094 de
1578 2044 1820 2096 amicitia
1858 2054 1914 2098 et

166 2130 359 2182 officiis
386 2130 531 2181 idem
559 2130 684 2181 finis
713 2137 770 2180 et
795 2137 869 2202 te,
900 2128 1118 2190 Caesar,
1150 2136 1205 2179 et
1232 2146 1333 2180 nos
1359 2129 1691 2181 absolverit.'
1772 2131 1913 2183 Con·
1949 2140 1981 2184 9

166 2216 373 2268 stantia
398 2216 677 2277 orationis,
709 2223 764 2267 et
791 2215 919 2283 quia
945 2223 1197 2282 repertus
1226 2223 1343 2266 erat
1381 2215 1473 2283 qui
1510 2216 1734 2268 efferret
1773 2235 1913 2285 quae

166 2322 359 2357 omnes
404 2305 588 2357 animo
634 2305 934 2373 agitabant,
977 2321 1042 2356 eo
1084 2322 1258 2373 usque
1304 2313 1535 2372 potuere
1587 2313 1646 2356 ut
1698 2323 1914 2359 accusa·

1141 2510 1202 2540 10.
1231 2500 1438 2540 sedecim
1477 2512 1654 2541 annos:
1696 2500 1804 2541 from
1842 2502 1914 2543 the

222 2510 261 2556 5.
282 2489 597 2553 quemquam:
631 2501 699 2540 i.e.
719 2500 774 2552 by
793 2512 929 2539 name.
1229 2550 1233 2552 μ

1081 2554 1294 2594 accession
1327 2554 1375 2593 of
1405 2554 1608 2602 Tiberius,
1641 2565 1733 2595 A.D.
1774 2567 1836 2606 14,
1869 2563 1913 2597 to

221 2557 466 2597 novissimi
516 2555 724 2595 consilii:
794 2555 860 2594 his
906 2554 997 2607 plot

165 2611 326 2663 against
345 2611 416 2649 the
436 2623 638 2662 emperor.

219 2665 258 2705 6.
287 2672 435 2712 tuum,
456 2670 560 2703 etc.:
591 2677 660 2703 see
679 2665 728 2702 V.
751 2664 787 2703 6.
811 2674 851 2702 2.

219 2727 300 2759 tua
338 2719 492 2759 officia
527 2725 881 2770 capessentem:
923 2718 994 2758 the

165 2774 299 2814 affairs
318 2774 366 2812 of
389 2779 493 2812 state
521 2773 607 2812 had
625 2773 735 2812 been
753 2773 827 2812 left
845 2773 994 2824 practi-

165 2830 269 2880 cally
288 2829 332 2868 in
350 2829 415 2868 his
433 2829 580 2868 hands.

220 2885 257 2925 8.
288 2898 459 2933 coram,
481 2886 530 2924 in
550 2884 709 2937 public,
733 2896 779 2923 as
806 2884 995 2936 opposed

164 2946 208 2980 to
228 2941 414 2981 abditos
435 2951 623 2980 sensus.

219 3006 258 3046 9.
288 2996 414 3035 ideo:
438 2995 502 3034 i.e.
515 2995 569 3045 by
581 2993 800 3044 searching
814 2992 994 3045 (exqui-

165 3061 262 3090 rere
295 3081 304 3090 .

221 3049 476 3154 agsequare
499 3118 509 3141 t
560 3101 774 3141 indefinite
821 3100 994 3152 subject,

165 3170 241 3197 one
259 3158 403 3197 would
414 3158 554 3196 attain
572 3157 639 3195 lzis
657 3156 789 3208 object.

1081 2609 1152 2648 the
1181 2608 1252 2648 fall
1281 2609 1329 2648 of
1353 2608 1537 2659 Sejanus,
1556 2620 1646 2649 A.D.
1672 2621 1744 2661 31;
1780 2624 1912 2651 some·

1080 2663 1190 2702 what
1209 2677 1323 2702 more
1344 2663 1447 2702 than
1466 2664 1623 2703 sixteen
1642 2677 1772 2715 years.

1136 2718 1364 2758 Satrium:
1415 2718 1486 2757 the
1528 2731 1697 2760 accuser
1735 2720 1783 2759 of
1815 2720 1910 2760 Cre·

1079 2773 1232 2812 mutius
1261 2772 1420 2811 Cordus
1444 2772 1539 2822 (IV.
1562 2782 1626 2823 34.
1652 2772 1727 2825 2):
1759 2774 1808 2814 of
1830 2775 1912 2815 this

1081 2827 1334 2879 Pomponius
1353 2827 1532 2878 nothing
1550 2827 1584 2866 is
1603 2828 1772 2867 known.

1138 2893 1199 2923 11.
1230 2882 1436 2923 dabitur:
1471 2883 1534 2922 z'.e.
1555 2888 1598 2922 to
1618 2882 1673 2922 all
1692 2883 1846 2923 friends
1868 2884 1917 2924 of

1080 2937 1264 2988 Sejanus.

1134 2993 1264 3032 finis:
1317 2992 1381 3031 i.e.
1422 2991 1466 3031 in
1505 2992 1686 3040 time,—
1698 2991 1912 3045 justifying

1079 3047 1198 3086 those
1217 3047 1312 3085 who
1332 3046 1463 3085 broke
1484 3046 1545 3085 off
1564 3046 1793 3100 friendship
1811 3048 1911 3087 with

1080 3100 1252 3150 Sejanus
1271 3101 1392 3138 when
1412 3100 1466 3138 he
1487 3100 1558 3138 fell
1577 3100 1682 3139 from
1702 3101 1830 3142 favor.

1135 3154 1187 3198 9.
1223 3156 1426 3194 efferret:
1460 3167 1529 3194 see
1550 3155 1634 3194 ΙΙΙ.
1654 3165 1721 3205 41.
1742 3166 1767 3207 3
1787 3168 1832 3196 n.
