2170 3488
205 258 290 301 378
998 260 1254 302 TACITUS.
1785 260 1938 314 [Boon
1963 261 2040 303 vr

289 397 589 464 genitalem
618 398 806 448 horam
835 397 1211 464 comperisset,
1236 413 1399 464 quem
1426 405 1546 449 tum
1573 414 1796 460 annum,
1820 398 2036 466 qualem
2110 423 2111 426 ¹
2134 409 2137 411 “

227 507 253 543 4
291 483 438 535 diem
465 483 707 535 haberet.
790 482 891 535 Ille
917 481 1133 550 positus
1161 482 1401 535 siderum
1433 500 1498 536 ac
1537 483 1715 551 spatia
1751 484 2037 537 dimensus
2125 543 2138 551 .,

287 570 513 622 haerere
538 568 730 638 prim0,
760 568 888 620 dein
915 585 1227 636 pavescere,
1250 576 1306 621 et
1333 577 1603 638 quantum
1630 569 2034 638 introspiceret,

287 655 463 725 magis
490 673 555 709 ac
581 655 756 724 magis
784 655 1031 723 trepidus
1057 655 1436 708 admirationis
1459 664 1515 707 et
1533 664 1732 719 metuS,
1755 664 2036 724 postremo

287 742 556 796 exclamat
601 741 922 810 ambiguum
969 742 1075 794 sibi
1119 759 1183 795 ac
1227 759 1399 810 prope
1440 742 1696 794 ultimum
1741 742 2036 796 discrimen

225 850 249 891 ⁵
288 829 511 881 instare.
589 829 735 881 Tum
764 828 1080 896 complexus
1107 846 1234 881 eum
1262 828 1523 881 Tiberius
1558 829 1867 897 praescium
1901 829 2039 898 peri·

287 915 533 968 culorum
581 923 637 967 et
682 915 1016 967 incolumem
1061 915 1181 968 fore
1225 923 1490 984 gratatur,
1531 932 1781 984 quaeque
1825 916 2036 968 dixerat

286 1002 454 1055 oracli
478 1002 599 1054 vice
626 1001 904 1069 accipiens
931 1001 1078 1054 inter
1104 1001 1330 1054 intimos
1357 1002 1657 1054 amicorum
1683 1010 1854 1055 tenet.
2135 1071 2137 1073 ι

202 1094 263 1140 22
358 1089 471 1142 Sed
511 1087 647 1140 mihi
689 1089 826 1141 haec
866 1105 930 1140 ac
970 1088 1103 1140 talia
1142 1087 1389 1141 audienti
1428 1088 1484 1140 in
1524 1088 1735 1141 incerto
1774 1088 2035 1141 iudicium
2095 1091 2138 1145 J

285 1183 387 1238 est,
415 1175 605 1227 fatone
644 1191 733 1227 res
772 1174 1085 1232 mortalium
1126 1182 1182 1227 et
1221 1175 1558 1227 necessitate
1596 1174 1926 1227 immutabili
1963 1192 2035 1228 an
2071 1246 2075 1249 .
2125 1195 2127 1198 ⁴

224 1285 248 1312 2
285 1262 430 1314 forte
455 1261 763 1314 volvantur.
842 1261 1064 1330 Quippe
1091 1261 1530 1329 sapientissimos
1556 1270 1806 1314 veterum
1833 1261 2037 1331 quique
2096 1310 2099 1311 γ
2128 1276 2130 1278 ’

284 1356 467 1401 sectas
494 1365 684 1400 eorum
712 1348 1062 1400 aemulantur
1086 1348 1332 1401 diversos
1360 1348 1616 1416 reperieS,
1645 1365 1710 1401 ac
1736 1348 2037 1403 multisin-

283 1435 446 1487 sitam
474 1435 791 1502 opinionem
818 1451 930 1486 non
957 1435 1117 1487 initia
1153 1435 1345 1498 nostri,
1375 1452 1487 1488 non
1525 1435 1709 1497 finem,
1738 1452 1850 1487 non
1889 1435 2037 1486 deni·
2096 1488 2098 1490 ,

283 1538 390 1591 que
417 1522 669 1574 homines
696 1521 780 1573 dis
808 1539 1004 1586 curae;
1042 1522 1167 1574 ideo
1195 1522 1524 1574 creberrime
1550 1521 1731 1574 tristia
1757 1521 1815 1573 in
1840 1521 2032 1585 bonos,
2095 1519 2124 1590 J,

222 1632 246 1670 3
285 1609 431 1661 laeta
469 1609 615 1676 apud
654 1608 956 1660 deteriores
997 1625 1134 1661 esse.
1216 1609 1426 1662 Contra
1463 1609 1556 1660 alii
1593 1609 1770 1661 fatum
1812 1608 2034 1677 quidem

283 1711 588 1763 congruere
626 1695 791 1747 rebus
830 1702 1045 1763 putant,
1077 1696 1174 1748 sed
1213 1712 1324 1747 non
1363 1712 1394 1747 e
1426 1696 1581 1763 vagis
1621 1695 1813 1758 stellis,
1841 1712 2038 1747 verum>
2103 1706 2120 1733 ἓ

282 1783 427 1850 apud
454 1781 724 1849 principia
749 1789 806 1833 et
833 1799 1008 1834 nexus
1035 1782 1370 1834 naturalium
1399 1799 1717 1846 causarum;
1755 1799 1819 1834 ac
1845 1789 2033 1834 tamen

282 1868 612 1921 electionem
657 1868 805 1920 vitae
851 1868 1012 1921 nobis
1059 1869 1392 1937 relinquunt,
1437 1886 1601 1937 quam
1643 1868 1738 1921 ubi
1782 1868 2032 1937 elegeris,
2095 1883 2116 1939 υἶ,

219 1980 245 2016 4
285 1962 499 2008 eertum
539 1954 948 2007 imminentium
988 1955 1253 2008 ordinem.
1333 1956 1531 2024 Neque
1571 1955 1714 2008 mala
1746 1955 1834 2007 vel
1872 1956 2031 2018 bona,

282 2057 421 2111 quae
473 2041 673 2110 vulgus
734 2049 927 2109 putet:
990 2041 1210 2105 multos,
1264 2042 1358 2110 qui
1420 2041 1726 2094 conflictari
1788 2041 2032 2094 adversis

280 2128 585 2190 videantur,
615 2128 824 2190 beat08‚
866 2136 924 2180 at
962 2128 1258 2196 plerosque
1296 2146 1627 2197 quamquam
1667 2146 1897 2197 magnas
1935 2145 2035 2196 per
2092 2127 2107 2179 ῑέ

282 2231 415 2282 opes
443 2214 798 2276 miserrimOS,
830 2214 877 2266 si
911 2214 988 2266 illi
1026 2232 1251 2283 gravem
1289 2215 1570 2267 fortunam
1609 2222 1932 2267 constanter
1955 2222 2034 2267 to·

219 2323 244 2363 5
282 2301 475 2363 lerent,
506 2300 564 2352 hi
596 2318 857 2368 prospera
894 2300 1208 2354 inconsulte
1246 2309 1487 2355 utantur.
1569 2302 1832 2354 Ceterum
1871 2301 2034 2370 pluri·
2083 2341 2095 2358 ψ.

280 2387 386 2440 mis
426 2387 740 2439 mortalium
779 2404 891 2439 non
931 2382 1190 2439 eximitur
1220 2389 1354 2456 quin
1393 2389 1570 2456 primo
1609 2388 1875 2457 cuiusque
1907 2396 2031 2440 ortu

280 2481 514 2526 ventura
541 2474 907 2537 destinentur,
937 2474 1035 2526 sed
1061 2475 1331 2543 quaedam
1359 2492 1519 2527 secus
1547 2492 1710 2544 quam
1737 2475 1886 2527 dicta
1920 2474 2031 2526 sint
2074 2485 2094 2524 ’ζ

332 3122 463 3161 initia
496 3123 669 3162 nostri:
710 3123 782 3162 the
814 3122 911 3162 idea
943 3121 993 3162 of
1019 3134 1110 3175 per·
1198 3123 1321 3170 dere,
1357 3128 1450 3170 etc„
1482 3123 1650 3175 depend
1682 3135 1796 3175 upon
1833 3122 1916 3162 this
1952 3120 2018 3160 im⁴

276 3175 451 3227 sonality
471 3176 655 3228 strongly
675 3176 941 3230 emphasized
965 3177 1020 3228 by
1039 3176 1111 3216 the
1196 3177 1310 3230 plied
1329 3177 1425 3217 idea
1445 3176 1494 3216 of
1507 3175 1644 3219 belief.

334 2627 586 2679 genitalem
608 2627 789 2674 horam,
807 2627 1027 2679 horoscope.
1201 2627 1403 2679 objective
1431 2628 1626 2680 genitive,
1647 2640 1692 2668 as
1720 2627 1756 2667 if
1779 2628 1811 2667 it
1832 2640 1940 2667 were
1968 2627 2033 2667 the
2080 2655 2095 2671 2

327 2694 366 2731 4.
385 2682 991 2733 quantum...magis:1ntr.
1000 2692 1111 2735 35m.
1199 2683 1336 2734 things
1367 2683 1458 2722 that
1488 2683 1607 2734 begin
1642 2696 1702 2731 us,
1731 2695 1779 2722 or
1798 2683 1899 2735 give
1926 2694 1976 2722 us
2001 2695 2030 2721 a
2079 2683 2091 2726 J

328 2736 538 2789 trepidus
571 2736 910 2783 admirationis,
937 2742 1031 2784 etc„
1051 2737 1112 2775 di·
1199 2737 1439 2789 beginning.
2079 2742 2089 2785 j

276 2791 405 2830 vided
436 2791 621 2838 between,
659 2796 757 2839 etc.;
806 2790 858 2830 cf.
892 2791 1115 2843 ambagum
1254 2802 1290 2843 3.
1321 2792 1423 2831 alii:
1457 2792 1529 2831 the
1550 2791 1694 2832 Stoics.
2067 2788 2086 2839 -’“,

279 2847 459 2898 pudoris
486 2859 537 2885 ac
569 2852 709 2894 metus,
732 2846 790 2885 II.
809 2856 874 2896 40.
897 2857 934 2886 2.
1253 2847 1388 2897 vagis
1409 2847 1573 2894 stellis,
1585 2847 1766 2899 planets.

332 2900 414 2945 22.
446 2913 482 2942 2.
508 2903 904 2957 sapientissimos,
921 2908 1020 2942 etc.:
1041 2902 1113 2943 the
1253 2912 1290 2955 5.
1311 2902 1526 2955 plurimis
1542 2902 1825 2949 mortalium,
1841 2906 1941 2942 etc.:
1963 2901 2028 2942 τῖε.
2055 2920 2061 2922 ’

276 2957 471 2998 founders
507 2959 556 2999 of
586 2959 658 2999 the
693 2959 850 2999 several
878 2958 1043 2999 schools
1071 2958 1119 2998 of
1198 2958 1241 2997 in
1261 2964 1442 2998 contrast
1461 2959 1559 2998 with
1580 2959 1651 2997 the
1672 2958 1925 3009 Epicureans
1944 2957 2030 2996 and

275 3012 537 3066 philosophy.
1198 3013 1354 3054 Stoics:
1388 3014 1486 3065 they
1505 3028 1584 3054 are
1602 3020 1674 3054 not
1682 3014 1813 3068 freed
1817 3015 1937 3066 from
1965 3012 2029 3051 tlte
2065 3037 2084 3061 ..r

333 3068 517 3108 multis:
552 3068 624 3108 the
646 3068 916 3121 Epicureans.
1197 3068 1326 3122 belief
1340 3069 1440 3116 that,
1470 3075 1569 3117 ete.;
1607 3069 1679 3108 the
1708 3068 1927 3107 infinitives
1954 3078 2024 3107 ca·
2059 3092 2085 3135 ἃ,
