2170 3488
14 267 29 331 j·
58 267 61 310 ζ
142 259 252 301 Μ).
273 260 368 314 33·]

940 260 1184 301 ANNALS.
1893 260 1976 305 377

139 413 240 448 avo
275 413 475 458 comeS,
508 396 809 459 Claudiam,
842 397 915 448 M.
950 397 1122 449 Silani
1154 396 1337 458 filiam,
1369 397 1625 465 coniugio
1655 398 1885 465 accepit,

0 550 1 554 Ἰ
55 481 59 483 ’
139 482 433 533 immanem
473 483 716 533 animum
757 483 990 534 subdola
1027 483 1299 534 modestia
1335 490 1550 550 tegenS,
1592 500 1704 535 non
1743 476 1891 536 dam-

21 557 61 595 ‘a
138 568 363 620 natione
401 569 608 630 matris,
637 585 750 620 non
788 568 955 620 exitio
992 568 1226 620 fratrum
1266 577 1429 636 rupta
1464 586 1632 634 voce3
1671 570 1887 638 qualem

138 655 283 707 diem
322 655 579 707 Tiberius
619 655 907 717 induisset,
949 654 1066 722 pari
1104 655 1312 717 habitu,
1355 656 1501 707 haud
1539 656 1775 708 multum
1813 657 1888 709 di·

137 742 414 794 stantibus
449 741 644 794 verbis.
751 742 919 794 Unde
957 759 1086 793 mox
1124 742 1325 794 scitum
1366 742 1613 794 Passieni
1652 743 1883 796 oratoris
1923 768 1947 795 2

4 829 9 898 J
75 845 80 849 ·
136 828 344 880 dictum
395 827 749 895 percrebruit,
790 845 972 896 neque
1017 828 1300 879 meliorem
1353 846 1614 896 umquam
1665 846 1884 883 servum

15 942 24 951 ⁴
66 922 68 925 ’
137 931 317 983 neque
344 914 674 966 deteriorem
701 915 987 966 dominum
1013 914 1200 966 fuisse.
1628 906 1630 908 ’

210 1001 341 1053 Non
385 1000 664 1052 omiserim
709 1000 1059 1068 praesagium
1101 1001 1312 1053 Tiberii
1357 1002 1426 1053 de
1473 1002 1663 1054 Servio
1706 1002 1883 1055 Galba
1922 1029 1945 1064 3

135 1094 256 1139 tum
283 1087 542 1151 consule;
580 1104 744 1155 quem
772 1087 1010 1139 accitum
1038 1096 1094 1139 et
1122 1087 1352 1139 diversis
1389 1089 1736 1141 sermonibus
1768 1107 1885 1156 per-

135 1182 470 1242 temptatum
497 1182 779 1241 postremo
808 1173 1036 1226 Graecis
1062 1174 1245 1225 verbis
1272 1174 1330 1225 in
1364 1175 1506 1226 hanc
1546 1176 1882 1228 sententiam

135 1260 405 1312 allocutus
426 1269 533 1312 est:
564 1266 578 1288 ‘
596 1261 670 1312 Et
696 1268 773 1323 tu,
796 1260 987 1322 Galba,
1011 1261 1340 1328 quandoque
1368 1261 1690 1328 degustabis
1718 1262 1885 1329 impe-

18 1352 26 1412 ζ
76 1349 80 1355 '
135 1345 310 1409 rium,'
341 1364 519 1398 seram
558 1364 622 1399 ac
660 1348 883 1399 brevem
923 1346 1231 1413 potentiam
1272 1347 1609 1414 significanS,
1651 1348 1884 1400 scientia

21 1454 25 1458 ·
70 1483 73 1485 ,
138 1433 538 1495 Chaldaeorum
577 1433 728 1495 artis,
770 1433 926 1485 cuius
964 1433 1294 1500 apiscendae
1333 1434 1506 1485 otium
1545 1435 1691 1500 apud
1738 1435 1884 1486 Rho-

62 1785 63 1788 ’
133 1780 309 1832 batur.

66 1510 69 1511 ⁷
135 1521 281 1582 dum,
323 1520 648 1587 magistrum
687 1519 1042 1571 Thrasullum
1081 1519 1288 1581 habuit,
1327 1520 1580 1586 peritiam
1620 1521 1739 1572 eius
1778 1522 1882 1573 hoc

135 1607 298 1658 modo
337 1614 609 1674 expertus,
692 1606 968 1674 Quotiens
1009 1623 1174 1673 super
1210 1605 1308 1657 tali
1347 1606 1570 1674 negotio
1613 1608 1885 1659 consulta·
1904 1614 1963 1659 21

70 1704 74 1713 ’“
108 1701 234 1755 ret,
264 1693 414 1744 edita
439 1694 635 1745 domus
669 1700 825 1760 parte
863 1710 927 1744 ac
965 1692 1150 1744 liberti
1188 1692 1351 1744 unius
1391 1693 1731 1745 conscientia
1769 1702 1883 1745 ute-

391 1780 447 1831 Is
493 1780 801 1831 litterarum
841 1779 1080 1847 ignaruS,
1124 1796 1351 1846 corpore
1387 1780 1583 1841 validO,
1625 1797 1723 1847 per
1759 1780 1880 1832 avia
1921 1806 1943 1829 2

26 1891 27 1894 ¹
64 1924 76 1934 ,„
133 1883 198 1918 ac
243 1867 475 1933 derupta
518 1866 665 1934 (nam
711 1866 856 1917 saxis
901 1867 1096 1917 domus
1142 1865 1413 1932 imminet)
1462 1866 1708 1933 praeibat
1755 1884 1879 1918 eum

135 1953 293 2005 cuius
332 1961 506 2005 artem
547 1952 779 2019 experiri
817 1952 1076 2004 Tiberius
1123 1952 1427 2014 statuisset,
1470 1960 1525 2003 et
1571 1953 1882 2020 regredien-

134 2046 264 2102 tem,
313 2039 359 2091 si
408 2039 668 2091 vanitatis
720 2046 814 2090 aut
863 2037 1117 2090 fraudum
1171 2038 1411 2105 suspicio
1462 2039 1780 2102 incesserat,
1823 2040 1878 2091 in

23 2116 38 2170 ἕ
79 2143 82 2146 ’
135 2126 445 2178 subiectum
483 2142 632 2177 mare
670 2125 1084 2193 praecipitabat,
1123 2142 1194 2176 ne
1233 2125 1398 2176 index
1435 2125 1621 2177 arcani
1660 2126 1882 2177 exsiste-

28 2203 39 2289 ,ἵ
134 2219 232 2265 ret.

315 2213 494 2280 Igitur
537 2211 862 2263 Thrasullus
915 2211 1089 2263 isdem
1141 2212 1369 2279 rupibus
1422 2212 1681 2264 inductus
1734 2220 1879 2279 post·
1918 2238 1940 2273 3

30 2295 50 2352 J'
75 2316 100 2356 j
136 2316 297 2366 quam
338 2306 757 2366 percontantem
797 2306 1184 2359 commoverat,
1226 2298 1515 2365 imperium
1555 2298 1660 2365 ipsi
1700 2307 1756 2351 et
1799 2299 1881 2350 fu-

72 2424 86 2455 3
133 2391 259 2436 tura
293 2385 546 2437 sollerter
575 2385 932 2452 patefaciens,
964 2384 1336 2452 interrogatur
1362 2402 1432 2435 an
1469 2402 1622 2436 suam
1661 2403 1878 2453 quoque

75 2539 79 2546 -
191 2503 574 2559 20.‘M.s11ani:
607 2528 675 2555 see
705 2515 788 2556 111.
819 2526 881 2566 24.
914 2526 957 2569 5³

138 2581 201 2623 57.
225 2582 267 2618 23
303 2571 354 2610 V.
380 2581 442 2609 10.
468 2582 507 2619 4.

191 2626 330 2664 exitio
359 2626 574 2664 fratrum:
605 2625 720 2664 Nero
749 2625 835 2664 had
856 2625 966 2664 been

81 2651 83 2654 Α
135 2685 211 2731 put
230 2685 273 2718 to
300 2680 439 2726 death,
459 2690 549 2718 A.D.
571 2690 637 2730 30,
660 2679 703 2717 in
732 2680 804 2718 the
832 2679 967 2719 island

23 2739 80 2782 ·;’
137 2735 296 2773 Pontia.
354 2735 512 2773 Drusus
544 2747 628 2772 was
660 2733 742 2773 stin
775 2735 968 2773 confined

25 2790 26 2793 ’
51 2829 66 2837 ,,
135 2789 181 2828 in
199 2789 270 2828 the
291 2789 491 2828 Palatium
517 2789 602 2839 (23.
624 2787 688 2839 4).

192 2844 330 2891 diem,
351 2844 476 2890 moed,
498 2843 757 2896 bearingfor
774 2843 838 2882 the
856 2843 949 2894 day.

194 2909 231 2938 2.
262 2899 502 2938 Passieni:
535 2898 727 2936 husband
746 2898 795 2936 of
808 2898 968 2948 Caligu-

136 2951 212 2992 la's
242 2953 360 2992 sister
388 2953 633 3005 Agrippina,
661 2953 716 3002 by
743 2953 881 2991 whom
914 2953 967 2990 he

63 3015 82 3059 j
136 3020 221 3046 was
252 3008 467 3059 poisoned.
524 3007 586 3046 Cf.
623 3007 796 3052 Seneca,
830 3008 888 3046 N.
919 3008 966 3055 Q.

59 3102 62 3103 ⁷
85 3079 87 3081 ’
139 3061 214 3101 IV.
229 3063 372 3115 Praqf.
395 3063 432 3109 6,
455 3063 626 3113 Crispus
639 3062 874 3108 Passienus,
891 3075 969 3112 quo

140 3129 207 3167 ego
239 3117 310 3155 nil
339 3117 440 3155 novi
471 3117 664 3155 subtilius
698 3117 747 3154 z'n
778 3117 969 3154 omnibus

29 3186 31 3189 ·
139 3170 270 3210 rebus.
327 3171 409 3211 His
428 3170 575 3219 father,
594 3175 679 3219 too,
698 3182 782 3209 was
805 3183 859 3208 an
879 3183 967 3208 ora-

1051 2521 1128 2563 tor,
1148 2516 1327 2565 ranking
1346 2516 1389 2554 in
1408 2516 1479 2554 the
1500 2528 1577 2566 age
1602 2515 1651 2555 of
1672 2517 1882 2567 Augustus

1051 2575 1148 2609 next
1167 2576 1210 2609 to
1232 2570 1362 2609 Pollio
1382 2571 1466 2609 and
1487 2570 1693 2609 Messalla.

1107 2635 1143 2675 3.
1180 2625 1487 2675 quandoquez
1538 2624 1592 2663 he
1629 2638 1714 2664 was
1759 2627 1882 2665 made

1052 2692 1240 2731 emperor
1273 2679 1377 2717 after
1409 2679 1481 2717 the
1515 2679 1642 2718 death
1675 2680 1723 2718 of
1754 2680 1882 2727 Nero,

1050 2744 1140 2773 A.D.
1179 2733 1246 2781 68,
1283 2733 1358 2772 but
1404 2733 1578 2784 reigned
1625 2734 1723 2786 only
1769 2735 1883 2785 eight

1051 2789 1230 2827 months.

1108 2843 1478 2883 Chaldaeorum:
1510 2856 1580 2882 see
1600 2843 1659 2882 II.
1683 2853 1745 2895 27.
1769 2855 1792 2882 2
1812 2857 1851 2882 n.

1107 2899 1883 3004 Ξῖῗάἶῗτὲἰὲξῖᾴηῗῗἰξεέὶιὲῑὲὲηι

1053 3009 1265 3054 occurred,
1286 3008 1317 3046 it
1336 3007 1418 3045 will
1443 3008 1496 3045 be
1523 3008 1821 3055 remembered,
1842 3013 1884 3046 at

1054 3062 1239 3108 Rhodes,
1265 3062 1403 3100 where
1431 3062 1619 3100 Tiberius
1647 3075 1729 3100 was
1757 3062 1885 3113 living

1051 3115 1096 3154 in
1116 3116 1315 3166 disgrace,
1337 3116 1420 3154 and
1440 3116 1538 3154 with
1561 3116 1665 3154 little
1691 3122 1884 3168 prospect

1052 3169 1101 3209 of
1114 3170 1242 3220 rising
1259 3175 1304 3210 to
1323 3170 1394 3211 the
1413 3170 1601 3222 imperial
1621 3170 1792 3222 dignity.
