2170 3488
162 225 271 264 A.D.
296 223 380 275 19.]

162 360 446 421 assideret,
481 366 638 410 atrox
673 375 737 410 ac
775 358 1071 409 dissentire
1106 357 1450 410 manifestus,

950 221 1197 261 ANNALS.

1531 358 1657 409 Vox
1687 373 1904 425 quoque
1946 379 1968 416 5

163 446 281 499 eius
313 445 500 497 audita
530 452 616 496 est
649 444 706 495 in
737 444 1004 507 convivio,
1035 462 1161 496 cum
1193 445 1337 511 apud
1373 461 1560 512 regem
1604 444 1909 495 Nabataeo-

166 550 286 584 rum
329 548 562 583 coronae
601 547 799 582 aureae
838 548 1039 598 magno
1079 532 1322 598 pondere
1363 530 1586 583 Caesari
1625 537 1680 581 et
1708 528 1911 597 Agrip-

164 619 341 687 pinae,
370 618 521 669 leves
562 617 748 668 Pisoni
788 625 845 668 et
885 617 1083 668 ceteris
1123 618 1469 679 offerrentur,
1499 616 1761 684 principis
1803 616 1911 667 Ro-

165 705 328 766 mani,
357 721 467 755 non
510 703 695 754 Parthi
734 703 881 770 regis
917 703 1030 754 filio
1063 719 1155 754 eas
1189 703 1378 770 epulas
1411 703 1560 766 dari;
1599 702 1909 770 abiecitque

167 791 329 843 simul
357 807 614 842 coronam
641 797 696 840 et
728 789 904 840 multa
935 789 992 840 in
1031 789 1217 840 luxum
1257 790 1479 852 addidit,
1510 805 1650 857 quae
1689 788 1912 840 Germa-

166 878 291 929 nico
318 893 647 944 quamquam
674 876 874 927 acerba
899 875 1277 927 tolerabantur
1302 884 1503 928 tamen.

242 964 397 1014 Inter
416 979 557 1030 quae
583 962 651 1014 ab
678 978 810 1029 rege
838 962 1161 1013 Parthorum
1186 963 1477 1013 Artabano
1503 962 1672 1029 legati
1691 977 1910 1012 venere.
1935 966 1997 1010 58

168 1050 399 1103 Miserat
449 1048 747 1100 amicitiam
792 1065 855 1100 ac
906 1048 1102 1100 foedus
1148 1057 1561 1110 memoraturos,
1610 1055 1666 1100 et
1711 1064 1912 1115 cupere

167 1136 418 1189 renovari
439 1137 674 1197 dextraS,
699 1136 1064 1203 daturumque
1085 1136 1281 1186 honori
1305 1135 1633 1196 Germanici,
1656 1142 1718 1187 ut
1739 1135 1911 1201 ripam

170 1222 470 1290 Euphratis
522 1222 844 1274 accederet:
901 1229 1092 1289 petere
1144 1222 1364 1273 interim
1417 1239 1487 1272 ne
1537 1222 1803 1273 Vonones
1856 1219 1913 1270 in

172 1309 334 1362 Suria
364 1309 662 1360 haberetur
692 1325 802 1359 neu
833 1325 1089 1375 proceres
1128 1309 1376 1376 gentium
1420 1307 1740 1375 propinquis
1779 1323 1915 1357 nun·

167 1396 261 1448 tiis
293 1396 361 1447 ad
391 1394 690 1446 discordias
723 1395 981 1447 traheret.

1062 1394 1155 1445 Ad
1187 1411 1251 1445 ea
1283 1394 1646 1446 Germanicus
1679 1395 1747 1445 de
1778 1392 1912 1444 soci·
1953 1416 1976 1441 2

169 1490 318 1534 etate
345 1482 722 1533 Romanorum
757 1481 1190 1549 Parthorumque
1229 1481 1535 1548 magnifice,
1566 1481 1634 1531 de
1673 1481 1913 1531 adventu

169 1568 316 1637 regis
361 1576 418 1619 et
464 1568 615 1620 cultu
659 1567 744 1619 sui
786 1585 911 1619 cum
954 1569 1150 1619 decore
1191 1585 1254 1619 ac
1300 1567 1571 1619 modestia
1610 1565 1909 1633 respondit.

169 1750 262 1794 tus
300 1749 402 1793 est.

71 1663 73 1666 '
110 1717 113 1720 p
169 1655 436 1707 Vonones
459 1654 904 1722 Pompeiopolim,
927 1654 1152 1706 Ciliciae
1180 1653 1510 1705 maritimam
1538 1654 1746 1714 urbem,
1770 1669 1913 1703 amo·
1953 1677 1975 1711 3

27 1739 34 1747 ”
482 1741 689 1792 Datum
736 1741 792 1792 id
834 1757 946 1792 non
986 1741 1149 1792 modo
1189 1741 1444 1808 precibus
1484 1739 1772 1801 Artabani,
1816 1741 1914 1791 sed

170 1827 536 1880 contumeliae
589 1826 819 1889 Pisonis,
868 1827 957 1879 cui
1007 1827 1355 1894 gratissimus
1401 1834 1518 1878 erat
1565 1826 1635 1878 ob
1681 1825 1915 1894 plurima

171 1914 350 1966 officia
376 1921 431 1965 et
459 1914 604 1965 dona
629 1913 828 1981 quibus
858 1913 1174 1965 Plancinam
1202 1914 1537 1964 devinxerat.

17 2108 43 2134 „-
75 2126 85 2131 a
245 2056 320 2107 M.
355 2055 542 2108 Silano
571 2056 632 2107 L.
665 2055 931 2107 Norbano
959 2055 1275 2106 consulibus
1305 2054 1666 2106 Germanicus
1693 2053 1917 2123 Aegyp·
1937 2060 1999 2104 59

170 2149 290 2194 tum
327 2141 695 2209 proficiscitur
732 2142 1150 2209 cognoscendae
1189 2140 1551 2208 antiquitatis.

171 2309 329 2349 invited
356 2315 401 2349 to
429 2309 482 2349 sit
509 2322 623 2362 upon
651 2309 724 2348 the
753 2309 932 2348 tribunal
954 2309 1008 2360 by

172 2364 244 2404 the
264 2364 352 2404 side
372 2364 421 2403 of
437 2364 720 2404 Germanicus.

228 2419 477 2459 dissentire
508 2419 812 2458 manifestus:
859 2431 884 2457 a
910 2431 1008 2470 very

172 2486 262 2512 rare
292 2473 491 2513 Graecism
532 2472 607 2525 (cf.
638 2478 847 2524 properus
879 2473 1007 2511 clare-

171 2541 291 2575 scere,
312 2528 385 2568 IV.
407 2538 471 2580 52.
493 2538 536 2576 23
574 2529 675 2567 Intr.
696 2537 745 2579 35
766 2527 823 2579 s).

229 2591 266 2635 5.
298 2583 672 2622 Nabataeorum:
714 2595 739 2621 a
775 2581 927 2633 people
966 2581 1014 2620 of

174 2637 340 2684 Arabia,
359 2637 499 2675 whose
522 2649 662 2688 power
681 2642 724 2675 at
752 2636 835 2675 this
862 2636 1009 2687 period

173 2691 383 2730 stretched
426 2691 533 2729 from
570 2691 800 2730 Damascus
845 2696 890 2729 to
936 2691 1008 2729 the

175 2746 359 2784 confines
381 2745 430 2784 of
453 2745 603 2796 Egypt,
623 2745 777 2796 having
806 2746 926 2784 Petra
945 2745 1008 2783 for

174 2799 280 2838 their
300 2799 462 2851 capital.
510 2800 630 2850 They
642 2812 750 2838 were
771 2800 1008 2851 conquered

173 2853 228 2904 by
239 2853 403 2904 Trajan,
417 2854 502 2893 and
519 2853 626 2893 their
641 2853 829 2904 territory
843 2854 1010 2893 erected

173 2907 262 2947 into
281 2908 353 2947 the
371 2908 568 2960 province
586 2908 755 2947 Arabia.

229 2963 454 3014 principis
478 2963 696 3010 Romani,
717 2967 819 3002 etc.:
853 2963 916 3002 i.e.
937 2963 1008 3001 the

0 3066 1 3073 ἵ
173 3016 358 3068 banquet
397 3017 481 3056 and
512 3022 701 3068 presents
731 3016 871 3056 would
902 3017 1009 3056 have

174 3071 308 3109 better
339 3071 511 3110 befitted
548 3083 574 3110 a
611 3071 806 3110 Parthian
843 3071 946 3111 than
984 3083 1009 3110 a

177 3125 341 3167 Roman
359 3125 516 3181 prince.

1140 2310 1188 2348 in
1222 2309 1397 2356 luxum,
1431 2309 1479 2347 in
1514 2308 1833 2348 condemnation
1865 2310 1917 2362 of,

1085 2370 1182 2410 etc.;
1218 2364 1411 2415 pointing
1430 2369 1472 2402 at
1492 2363 1774 2402 Germanicus.

1139 2416 1220 2460 58.
1255 2418 1510 2457 amicitiam
1528 2430 1582 2457 ae
1598 2418 1790 2457 foedus:
1811 2417 1863 2457 cf.
1885 2428 1918 2456 1.

1139 2474 1401 2512 accederet:
1445 2473 1508 2511 i.e.
1546 2472 1802 2520 Artabanus3
1847 2472 1918 2511 the

1085 2527 1221 2566 clause
1242 2527 1276 2565 is
1295 2527 1366 2566 the
1387 2526 1523 2577 object
1543 2526 1591 2565 of
1606 2527 1835 2566 daturum.

1140 2582 1375 2632 gentium:
1420 2582 1483 2620 z‘.e.
1519 2581 1685 2620 Parthia
1722 2581 1805 2620 and
1842 2581 1918 2619 Ar-

1085 2636 1235 2675 menia.

1141 2701 1178 2730 2.
1208 2691 1337 2730 cultu
1357 2691 1446 2737 sui,
1462 2691 1524 2729 tlte
1541 2690 1674 2728 honor
1692 2695 1729 2728 to
1749 2690 1791 2728 be
1801 2689 1918 2741 paid

1084 2751 1122 2784 to
1144 2745 1320 2798 lzimseffi

1140 2810 1177 2849 3.
1206 2800 1609 2852 Pompeiopolim:
1651 2799 1723 2837 the
1752 2798 1919 2836 ancient

1087 2854 1184 2901 Soli,
1223 2867 1248 2893 a
1285 2854 1368 2904 city
1405 2854 1452 2892 of
1485 2853 1641 2900 Cilicia,
1679 2852 1828 2891 rebuilt
1865 2852 1920 2902 by

1086 2909 1282 2960 Pompey,
1303 2908 1408 2948 after
1430 2908 1639 2958 subduing
1665 2907 1737 2946 the
1765 2906 1919 2959 pirates

1085 2962 1134 3001 of
1148 2963 1304 3010 Cilicia,
1324 2972 1403 3002 B.C.
1424 2962 1489 3013 67.

1141 3017 1356 3056 Pisonis:
1389 3016 1590 3067 objective
1615 3015 1809 3066 genitive.

1140 3072 1462 3121 gratissimus:
1496 3071 1559 3109 i.e.
1583 3071 1795 3109 Vonones.

1140 3123 1223 3168 59.
1274 3126 1632 3176 cognoscendae
1670 3125 1917 3177 antiquita-

1915 220 1990 261 171

1635 2140 1746 2193 Sed
1785 2157 1915 2192 cura
1955 2165 1978 2189 2
