2170 3488
33 178 48 236 ξ.
123 206 126 210 ’
148 195 256 237 ΑΒ.
279 194 367 247 19.]
687 191 692 196 ·
937 195 1184 236 ANNALS.
1902 199 1978 242 185

87 360 89 365 ’
142 330 433 382 nobilitate
459 331 730 398 princepS,
761 331 1128 398 pulcherrimo
1156 333 1318 384 modo
1352 332 1717 394 matrimoni0‚
1748 333 1894 385 inter

22 408 86 448 j-
145 416 459 468 venerantis
509 417 891 485 gratantisque
941 418 1112 485 aspici
1163 418 1339 480 solita,
1392 426 1528 472 tunc
1577 418 1766 470 feralis
1816 435 1894 471 re-

73 553 75 556 .
144 502 339 571 liquias
371 502 495 554 sinu
532 503 718 565 ferret,
749 503 961 555 incerta
987 504 1229 566 ultionis,
1259 504 1421 556 anxia
1458 502 1559 567 sui,
1589 512 1645 556 et
1683 502 1892 558 infelici

71 599 83 662 32
142 587 482 641 fecunditate
508 589 764 640 fortunae
790 590 997 641 totiens
1024 590 1272 643 obnoxia.

216 675 469 726 Pisonem
496 675 714 726 interim
742 677 887 742 apud
916 676 1092 728 Coum
1121 676 1355 728 insulam
1382 677 1611 729 nuntius
1650 677 1890 746 assequi-
1918 701 1954 728 >2

39 755 81 811 Vi
141 768 233 813 tur
275 760 578 812 excessisse
632 761 1036 814 Germanicum.
1143 763 1269 834 Quo
1320 763 1758 830 intemperanter
1805 781 1889 816 ac·
1927 788 1951 825 3

142 854 303 914 cepto
330 847 508 898 caedit
546 847 814 909 victimas,
843 848 960 898 adit
999 849 1222 916 templa,
1252 865 1432 916 neque
1469 849 1590 916 ipse
1627 849 1888 917 gaudium

142 933 430 984 moderans
470 941 526 984 et
566 933 741 1000 magis
782 933 1153 986 insolescente
1194 935 1468 997 Plancina,
1498 952 1638 1003 quae
1677 935 1888 988 luctum

12 1058 34 1098 5
82 1074 85 1076 ,
141 1018 375 1071 amissae
414 1019 615 1070 sororis
654 1027 772 1070 tum
808 1019 1045 1086 primum
1086 1020 1231 1072 laeto
1263 1023 1416 1073 cultu
1449 1024 1695 1075 mutavit.
1772 1024 1887 1075 Ad·
1911 1029 1970 1074 76

75 1139 79 1142 -
142 1105 386 1157 fluebant
414 1105 766 1157 centuriones
795 1107 1204 1174 monebantque
1226 1114 1482 1174 prompta
1502 1107 1579 1158 illi
1605 1107 1887 1174 legionum

17 1191 30 1247 -J
141 1194 350 1247 studia:
377 1202 651 1261 repeteret
674 1195 1011 1262 provinciam
1033 1212 1144 1246 non
1167 1196 1284 1247 iure
1306 1196 1544 1248 ablatam
1567 1204 1622 1247 et
1639 1214 1882 1249 vacuam.

84 1289 89 1292 “
141 1280 320 1349 Igitur
359 1281 490 1349 quid
526 1282 801 1348 agendum
842 1282 1181 1333 consultanti
1222 1283 1295 1333 M.
1348 1282 1473 1334 Piso
1513 1282 1657 1334 filius
1696 1300 1885 1350 prope-
1925 1306 1949 1333 2

70 1367 83 1418 Ῐ“
139 1368 370 1423 randum
397 1367 453 1419 in
481 1368 674 1419 urbem
702 1368 998 1420 censebat:
1036 1368 1173 1419 nihil
1211 1369 1392 1420 adhuc
1431 1368 1761 1436 inexpiabile
1800 1370 1888 1420 ad·

73 1479 89 1513 3
140 1453 385 1513 missum,
414 1470 594 1522 neque
618 1453 975 1520 suspiciones
1015 1454 1317 1506 imbecillas
1356 1462 1450 1506 aut
1486 1454 1669 1506 inania
1704 1455 1886 1507 famae

27 1550 30 1552 ’
83 1583 85 1587 ⁴
138 1539 592 1607 pertimescenda.
698 1540 1047 1592 Discordiam
1111 1557 1242 1608 erga
1302 1540 1695 1593 Germanicum
1758 1541 1882 1592 odio
1922 1565 1947 1603 3

28 1630 34 1685 j
80 1645 86 1680 5
137 1623 373 1678 fortasse
411 1626 651 1694 dignam,
682 1643 794 1678 non
831 1643 1047 1694 poena;
1087 1634 1143 1678 et
1182 1627 1534 1694 ademptione
1573 1627 1886 1694 provinciae

26 1723 29 1728 '
67 1729 70 1730 ⁷
109 1711 113 1715 ’
139 1712 273 1764 satis
298 1712 509 1765 factum
536 1713 786 1765 inimicis,
868 1712 1033 1781 Quod
1061 1713 1107 1764 si
1142 1714 1542 1780 regrederetur,
1573 1714 1882 1766 obsistente
1921 1738 1947 1774 4

86 1863 87 1866 Ἴ
139 1798 334 1852 Sentio
374 1798 532 1851 civile
570 1799 775 1851 bellum
814 1799 1015 1866 incipi;
1069 1816 1170 1851 nec
1208 1800 1499 1851 duraturos
1538 1800 1594 1850 in
1633 1800 1883 1866 partibus

82 1927 95 1935 ,.
137 1885 491 1938 centuriones
536 1885 864 1954 militesque,
912 1886 1057 1952 apud
1102 1902 1239 1953 quos
1291 1903 1486 1937 recens
1537 1885 1882 1953 imperatoris

82 1982 86 1986 “
138 1971 222 2024 sui
254 1972 518 2023 memoria
556 1980 612 2024 et
651 1972 873 2039 penitus
913 1972 1113 2023 infixus
1152 1972 1207 2022 in
1250 1971 1517 2023 Caesares
1556 1989 1710 2023 amor
1733 1988 1885 2039 prae-

80 2045 92 2109 s
136 2058 359 2110 valeret.
427 2058 638 2141 §ontra
666 2058 946 2110 Domitius
969 2058 1145 2120 Celer,
1170 2075 1237 2109 ex
1257 2058 1453 2109 intima
1478 2058 1594 2110 eius
1622 2058 1878 2120 amicitia,
1905 2064 1961 2109 77

83 2133 98 2207 f.
137 2144 426 2197 disseruit:
466 2146 732 2196 utendum
775 2152 1010 2207 eventu3
1052 2145 1323 2206 Pisonem,
1353 2162 1462 2195 non
1494 2144 1750 2196 Sentium
1785 2144 1883 2197 Su-

35 2216 79 2274 ῩῘ
137 2230 248 2283 riae
298 2231 710 2298 praepositum;
761 2231 888 2282 huic
939 2229 1118 2283 fasces
1171 2239 1227 2282 et
1278 2231 1363 2282 ius
1415 2231 1698 2298 praetoriS,
1752 2231 1881 2283 huic

36 2357 37 2360 η
72 2327 75 2329 ’
135 2317 383 2385 legiones
422 2318 596 2368 datas.
675 2317 735 2370 Si
773 2317 904 2385 quid
946 2317 1147 2369 hostile
1191 2317 1428 2384 ingruat,
1470 2334 1633 2384 quem
1679 2317 1878 2369 iustius
1919 2341 1943 2367 2

193 2494 293 2540 75.¹
331 2497 656 2537 matrimonio:
707 2497 884 2537 ablative
925 2497 974 2537 of
1101 2497 1221 2537 nihil
1242 2498 1408 2544 adhue,
1430 2502 1531 2536 etc.:
1565 2497 1646 2536 this
1666 2502 1883 2548 argument

76 2559 88 2607 j,
137 2551 452 2591 characteristic.
1047 2552 1096 2590 of
1129 2565 1270 2602 young
1309 2553 1402 2590 Piso
1441 2552 1576 2590 shows
1610 2552 1700 2590 that
1733 2552 1787 2591 he
1820 2565 1882 2591 re-

191 2606 362 2646 infelici
381 2607 686 2646 fecunditate:
717 2606 791 2645 her
806 2619 969 2645 numer·
1046 2608 1204 2658 garded
1221 2607 1283 2645 his
1303 2612 1470 2657 parents
1490 2619 1534 2644 as
1554 2607 1764 2645 innocent.

26 2638 44 2711 Ξ·
91 2640 98 2693 Δ»
137 2672 212 2699 ous
231 2661 417 2700 children
435 2674 543 2700 were
563 2674 609 2700 so
633 2674 757 2712 many
776 2662 970 2712 hostages
1101 2673 1140 2710 4.
1171 2662 1220 2700 in
1240 2661 1464 2713 partibus,
1485 2674 1538 2699 on
1556 2661 1623 2699 lzz‘s
1640 2661 1727 2699 side
1735 2675 1754 2706 ‚·
1775 2660 1882 2699 their

24 2714 39 2753 ζ
86 2766 89 2767 ⁷
136 2719 180 2754 to
199 2715 376 2755 fortune.
1047 2720 1281 2767 temporary
1297 2715 1550 2754 enthusiasm
1565 2715 1702 2753 would
1718 2715 1770 2754 be
1791 2720 1881 2754 out-

192 2781 229 2810 2.
260 2771 434 2810 eoum:
465 2770 601 2809 better
619 2770 774 2809 known
794 2782 838 2809 as
865 2771 947 2810 Cos.
1046 2770 1238 2821 weighed
1257 2770 1310 2820 by
1331 2770 1437 2808 their
1458 2769 1714 2808 attachment
1737 2774 1780 2808 to
1809 2769 1882 2808 the

192 2835 230 2876 3.
267 2825 390 2865 laeto
434 2826 587 2866 cultu:
637 2825 776 2876 bright
824 2825 970 2873 colors,
1047 2825 1235 2876 imperial
1254 2825 1397 2863 house.

16 2859 94 2940 237⁰,
135 2877 285 2931 jewels,
305 2886 405 2928 etc.;
441 2880 619 2920 ablative
638 2880 738 2919 with
758 2880 970 2919 mutavit.
1106 2877 1184 2921 77.
1226 2880 1360 2919 huic:
1395 2879 1458 2918 i-e.
1489 2878 1596 2925 Piso,
1626 2891 1670 2917 as
1698 2877 1769 2917 the
1799 2889 1880 2916 one

193 2931 273 2977 76.
315 2935 650 2975 centuriones:
701 2935 818 2973 these
862 2947 971 2973 were
1048 2939 1213 2973 nearest
1259 2934 1330 2972 the
1373 2933 1549 2984 speaker
1602 2933 1692 2984 (see
1731 2933 1767 2971 Ι.
1807 2942 1877 2982 42.

82 3027 88 3038 ,
139 2987 186 3027 of
199 2988 263 3028 his
282 3001 376 3028 own
397 2989 686 3041 appointment
706 2988 797 3040 (see
819 2998 883 3041 55.
902 2987 969 3040 4).
1049 2988 1074 3027 6
1094 2988 1177 3039 n.).

193 3053 230 3082 2.
259 3043 568 3084 consultanti:
617 3044 838 3084 construed
869 3043 970 3083 with
1104 3053 1142 3082 2.
1180 3042 1375 3082 hostile:
1418 3054 1473 3080 on
1502 3041 1573 3080 the
1602 3046 1693 3093 part
1723 3040 1772 3081 of
1799 3040 1880 3080 for-

16 3083 20 3090 *
38 3109 79 3160 f·
115 3086 118 3091 ’
134 3099 496 3151 properandum.
751 3136 755 3140 .
1048 3096 1145 3149 eign
1166 3097 1361 3137 enemies.
