2170 3488
204 215 314 256 ΑΒ.
334 212 422 267 26.]
990 214 1238 255 ANNALs.

1949 217 2031 260 317

209 348 444 418 pellavit.
523 348 656 400 Mox
696 348 1048 416 capessendis
1086 348 1532 402 accusationibus
1570 357 1664 402 aut
1703 367 1826 403 reos
1864 359 1945 404 tu·
1984 367 2007 403 8

209 436 376 489 tando
414 434 756 502 prosperiore
794 435 1141 503 eloquentiae
1179 453 1342 503 quam
1381 452 1595 487 morum
1633 434 1781 488 fama
1822 438 1945 501 fuit,

209 523 316 575 nisi
342 521 487 590 quod
513 528 665 572 aetas
687 528 933 572 extrema
954 521 1188 573 multum
1210 521 1376 574 etiam
1398 521 1744 589 eloquentiae
1765 524 1949 592 demp-

209 610 296 672 sit,
326 609 456 660 dum
482 605 633 659 fessa
659 615 847 659 mente
874 608 1076 659 retinet
1105 608 1310 660 silentii
1346 608 1763 676 impatientiam.

281 695 363 747 At
408 694 721 763 Agrippina
765 694 1021 762 pervicax
1072 694 1184 746 irae
1229 702 1286 746 et
1331 695 1523 746 morbo
1567 695 1812 763 corporis
1856 695 1950 747 im·
1970 703 2031 749 53

210 782 424 850 plicata,
467 799 590 833 cum
630 780 834 832 viseret
886 798 1006 832 eam
1047 781 1266 843 Caesar,
1307 779 1546 849 profusis
1596 780 1689 833 diu
1739 799 1802 834 ac
1853 800 1952 850 per

210 867 489 920 silentium
517 867 768 929 lacrimiS,
798 884 925 918 mox
951 867 1211 918 invidiam
1239 875 1296 919 et
1323 883 1516 935 preces
1548 868 1789 921 orditur:
1828 870 1950 920 sub·

210 953 421 1006 veniret
449 952 747 1015 solitudini,
778 954 931 1003 daret
960 953 1252 1016 maritum;
1292 953 1531 1005 habilem
1558 954 1737 1006 adhuc
1768 954 1951 1005 iuven-

209 1048 323 1092 tam
376 1039 496 1101 sibi,
550 1041 731 1106 neque
785 1038 934 1090 aliud
995 1039 1182 1108 probis
1245 1057 1406 1107 quarn
1472 1057 1540 1092 ex
1601 1041 1949 1092 matrimonio

209 1126 504 1189 solacium,
555 1142 680 1178 esse
718 1125 775 1177 in
815 1124 1037 1176 civitate
1074 1126 1104 1156 *
1142 1127 1172 1157 *
1212 1128 1240 1156 *-
1305 1126 1619 1178 Germanici
1659 1127 1949 1195 coniugem

209 1229 273 1264 ac
310 1211 512 1263 liberos
552 1210 670 1262 eius
708 1210 952 1276 recipere
980 1208 1352 1276 dignarentur.
1453 1212 1565 1264 Sed
1606 1212 1811 1264 Caesar
1836 1230 1946 1264 non
1988 1237 2012 1262 2

210 1297 433 1366 ignarus
479 1304 746 1365 quantum
799 1314 866 1348 ex
916 1313 976 1349 re
1027 1297 1248 1365 publica
1297 1306 1593 1365 peteretur,
1642 1316 1713 1350 ne
1762 1307 1948 1350 tamen

209 1383 534 1436 offensionis
579 1390 673 1434 aut
719 1391 900 1435 metus
946 1384 1274 1435 manifestus
1320 1384 1479 1445 foret,
1524 1384 1644 1436 sine
1685 1402 1949 1452 responso

209 1487 538 1538 quamquam
585 1469 887 1521 instantem
932 1469 1167 1537 reliquit.
1247 1470 1311 1520 Id
1357 1486 1473 1537 eg0,
1516 1487 1548 1521 a
1591 1471 1947 1538 scriptoribus
1988 1495 2011 1531 3

209 1555 486 1608 annalium
515 1572 626 1607 non
658 1556 938 1618 traditum,
968 1556 1182 1622 repperi
1223 1555 1279 1606 in
1319 1556 1726 1608 commentariis
1754 1557 1952 1625 Agrip-

209 1643 370 1711 pinae
397 1642 555 1705 filiae,
585 1659 726 1710 quae
754 1641 995 1693 Neronis
1022 1642 1285 1709 principis
1313 1650 1490 1693 mater
1515 1642 1684 1693 vitam
1713 1660 1867 1694 suam
1895 1652 1950 1695 et

209 1746 371 1782 casus
417 1746 640 1781 suorum
686 1727 923 1796 posteris
968 1728 1307 1780 memoravit.
1408 1728 1670 1780 Ceterum
1720 1729 1951 1781 Seianus
1973 1736 2033 1782 54

211 1823 549 1867 maerentem
589 1822 645 1866 et
685 1814 1045 1882 improvidam
1081 1814 1246 1866 altius
1282 1815 1530 1881 perculit,
1561 1814 1823 1867 immissis
1859 1816 1951 1884 qui

121 1895 132 1903 ⁸
210 1918 308 1970 per
345 1901 585 1969 speciem
625 1901 900 1953 amicitiae
939 1908 1229 1952 monerent
1276 1909 1524 1968 paratum
1569 1901 1620 1952 ei
1658 1918 1948 1964 venenum,

209 1988 463 2040 vitandas
491 1988 668 2040 soceri
697 1987 899 2054 epulas,
969 1987 1159 2054 Atque
1186 1987 1278 2038 illa
1304 1987 1717 2039 simulationum
1746 1988 1946 2050 nescia,
1990 2012 2014 2038 2

211 2092 336 2127 cum
364 2082 588 2142 propter
613 2074 998 2135 discumberet,
1029 2090 1140 2124 non
1166 2073 1323 2124 vultu
1362 2080 1457 2124 aut
1497 2090 1750 2125 sermone
1784 2074 1949 2136 flecti,

211 2161 390 2213 nullos
417 2161 694 2228 attingere
721 2159 888 2221 cibos,
918 2160 1093 2211 donec
1121 2159 1358 2211 advertit
1397 2159 1671 2221 Tiberius,
1699 2160 1844 2211 forte
1882 2178 1951 2211 an

211 2247 338 2316 quia
375 2247 691 2310 audiverat;
730 2246 896 2313 idque
935 2263 1043 2313 quo
1082 2245 1261 2297 acrius
1301 2245 1653 2312 experiretur,
1688 2263 1862 2313 poma,
1892 2255 1953 2298 ut

211 2341 368 2385 erant
395 2333 660 2401 apposita,
689 2332 920 2384 laudans
948 2331 1110 2383 nurui
1139 2349 1238 2383 sua
1263 2349 1430 2383 manu
1457 2332 1695 2384 tradidit.
1767 2332 1953 2384 Aucta
1991 2357 2014 2394 3

265 2460 303 2502 8.
332 2461 426 2501 nisi
446 2461 596 2512 quod:
629 2460 682 2500 cf.
700 2461 799 2500 Tac.
819 2462 922 2512 Agr.
944 2459 981 2499 6.

266 2516 441 2556 silentii
488 2516 831 2568 impatientiam
855 2530 863 2554 :
916 2515 1042 2565 Quin-

210 2570 326 2610 tilian
349 2571 474 2623 (XII.
500 2580 561 2609 11.
587 2569 632 2621 3)
655 2571 758 2609 adds
787 2570 877 2608 that
906 2570 936 2608 it
959 2582 1043 2608 was

210 2625 300 2664 said
313 2625 360 2664 of
373 2624 474 2673 him,
488 2625 611 2664 malle
625 2637 719 2664 eum
736 2624 901 2678 deficere
915 2637 1043 2676 quam

211 2679 408 2719 desinere.

182 2742 187 2748 '
266 2732 347 2777 53.
388 2734 616 2774 invidiam
647 2740 693 2774 et
718 2745 906 2786 preces:
937 2733 1043 2772 min-

210 2788 307 2840 gled
326 2789 547 2829 entreaties
566 2789 650 2828 and
674 2789 934 2841 reproaches.

266 2844 484 2891 habilem,
509 2843 825 2895 marriageable.

266 2899 552 2939 Germanici:
586 2899 702 2938 there
731 2898 766 2937 is
792 2897 936 2936 before
961 2897 1044 2936 this

210 2954 324 2992 word
339 2966 364 2992 a
382 2965 465 3005 gap
481 2952 529 2992 of
543 2953 670 2992 about
686 2952 875 2991 fourteen
890 2951 1043 2998 letters,

210 3007 410 3058 probably
425 3013 468 3046 to
483 3008 536 3046 be
552 3007 663 3046 filled
677 3008 731 3057 by
745 3006 982 3056 something
1001 3006 1044 3044 in

210 3060 282 3100 the
301 3073 421 3100 sense
442 3061 491 3100 of
509 3062 585 3113 qui
605 3062 654 3100 in
675 3061 934 3099 memoriam.

267 3124 304 3154 2.
334 3122 564 3167 quantum
594 3127 652 3155 ex
680 3115 940 3167 republica:
979 3115 1043 3154 zze.

1125 2460 1201 2499 her
1230 2473 1328 2499 sons
1360 2459 1494 2510 being'
1518 2459 1589 2499 the
1623 2459 1720 2510 only
1751 2460 1959 2511 surviving

1127 2515 1236 2553 heirs
1273 2522 1316 2553 to
1355 2514 1426 2553 the
1465 2514 1627 2561 throne,
1660 2514 1735 2552 her
1767 2515 1959 2553 husband

1127 2569 1265 2608 would
1293 2581 1451 2620 occupy
1474 2582 1498 2607 a
1526 2568 1666 2620 public
1695 2569 1887 2620 position.

1184 2634 1220 2674 3.
1235 2623 1522 2676 Agrippinae
1534 2623 1655 2662 filiae
1669 2636 1676 2661 :
1695 2623 1764 2661 the
1775 2635 1959 2674 younger

1127 2678 1372 2730 Agrippina,
1411 2677 1617 2716 infamous
1665 2677 1727 2716 for
1771 2677 1846 2716 her
1888 2678 1958 2717 de·

1127 2733 1385 2772 baucheries.

1183 2785 1265 2830 54.
1298 2798 1334 2827 2.
1361 2799 1458 2827 non
1479 2817 1489 2826 .
1512 2817 1521 2826 .
1544 2816 1553 2827 .
1574 2787 1720 2827 flecti:
1743 2786 1818 2825 her
1833 2799 1958 2826 coun-

1128 2847 1305 2881 tenance
1325 2843 1408 2881 and
1423 2841 1540 2880 voice
1561 2842 1730 2880 showed
1750 2841 1958 2880 unfriend·

1128 2897 1262 2944 liness,
1284 2897 1367 2936 and
1395 2896 1479 2935 this
1507 2897 1581 2935 she
1605 2897 1676 2935 did
1700 2901 1772 2934 not
1799 2896 1959 2946 change

1129 2951 1278 3001 during
1297 2951 1368 2990 the
1389 2951 1612 2990 interview.

1183 3012 1235 3045 ut
1264 3012 1395 3045 erant
1425 3005 1657 3057 apposita,
1677 3005 1775 3056 just
1799 3018 1847 3043 as
1873 3005 1960 3055 they

1128 3073 1235 3098 were
1254 3059 1408 3111 placed
1422 3066 1532 3110 upon
1553 3060 1615 3097 tlte
1634 3059 1748 3107 table,
1770 3064 1844 3098 not
1863 3064 1959 3098 tast-

1127 3115 1200 3165 ing
1219 3114 1333 3154 them
1356 3114 1439 3154 first
1458 3113 1635 3155 himself.
