2170 3488
184 211 266 254 312
911 268 941 295 0
975 210 1232 252 TACITUS.
1760 211 1912 264 [Boox
1940 214 2015 254 1v.

207 369 232 410 5
271 354 367 400 aut
394 348 463 400 ad
490 355 722 400 mortem
750 346 1010 399 animum.
1092 345 1271 399 Simul
1310 346 1535 399 castella
1573 347 1802 414 rupibus
1841 348 2015 400 indita

269 434 607 502 collatosque
645 433 774 486 illuc
809 440 1070 501 parentes
1109 440 1165 485 et
1205 433 1469 501 coniuges
1509 426 1867 486 ostentabant
1907 435 2016 487 bel-

183 527 244 574 47
267 521 492 589 lumque
519 520 843 588 impeditum
873 519 1104 571 arduum
1132 526 1426 571 cruentum
1453 518 1865 572 minitabantur.
1930 520 2015 573 At

270 607 525 669 Sabinus,
579 607 757 659 donec
808 605 1083 658 exercitus
1133 605 1191 657 in
1243 622 1413 657 unum
1466 606 1816 668 conduceret,
1870 606 2014 659 datis

268 694 495 746 mitibus
522 692 818 760 responsiS,
842 699 1136 760 postquam
1160 691 1494 759 Pomponius
1526 693 1714 744 Labeo
1741 709 1772 744 e
1800 692 2015 745 Moesia

268 798 394 833 cum
421 779 656 848 legione,
676 796 772 831 rex
802 778 1229 831 Rhoemetalces
1257 795 1384 831 cum
1411 778 1624 830 auxiliis
1651 778 2012 857 popularium,

268 866 361 935 qui
387 867 550 918 fidem
578 882 690 917 non
717 872 1082 927 mutaverant,
1104 881 1322 927 venere,
1341 865 1528 917 addita
1553 865 1831 932 praesenti
1859 865 2015 933 copia

267 953 334 1004 ad
380 953 599 1005 hostem
644 951 827 1020 pergit
872 951 1240 1019 compositum
1286 951 1393 1003 iam
1438 967 1538 1019 per
1579 951 1865 1019 angustias
1917 951 2016 1004 sal-

208 1062 232 1089 2
269 1046 442 1092 tuum.
510 1038 749 1107 Quidam
776 1038 1072 1090 audentius
1099 1037 1306 1105 apertis
1333 1037 1388 1089 in
1417 1037 1650 1090 collibus
1676 1038 2010 1101 visebantur,

267 1142 405 1193 quos
432 1125 542 1177 dux
570 1126 855 1177 Romanus
882 1125 999 1177 acie
1027 1141 1357 1193 suggressus
1396 1124 1542 1176 haud
1580 1141 1745 1193 aegre
1783 1124 2011 1192 pepulit,

268 1211 537 1280 sanguine
563 1211 919 1264 barbarorum
947 1211 1164 1263 modico
1190 1212 1260 1263 ob
1287 1210 1594 1279 propinqua
1620 1208 1873 1279 suffugia.

206 1321 231 1359 3
343 1299 477 1350 Mox
502 1297 699 1351 castris
735 1297 792 1349 in
830 1297 951 1350 loco
990 1297 1344 1350 communitis
1371 1297 1551 1350 valida
1575 1314 1741 1349 manu
1767 1305 2013 1350 montem

267 1391 515 1452 occupat,
544 1392 842 1452 angustum
871 1391 927 1436 et
953 1383 1167 1452 aequali
1194 1381 1355 1436 dorso
1383 1384 1707 1436 continuum
1736 1401 1910 1452 usque
1937 1373 2012 1436 ⁸ad

267 1471 573 1539 proximum
602 1470 907 1533 castellum,
938 1471 1085 1539 quod
1111 1487 1315 1538 magna
1338 1470 1422 1523 vis
1449 1478 1659 1523 armata
1695 1479 1790 1523 aut
1830 1471 2015 1523 incon-

205 1582 231 1618 4
270 1558 386 1610 dita
422 1547 694 1610 tuebatur.
777 1557 955 1610 Simul
995 1558 1051 1609 in
1090 1557 1479 1619 ferocissim08‚
1508 1557 1601 1625 qui
1639 1565 1771 1610 ante
1808 1557 2012 1610 vallum

267 1660 419 1696 more
456 1643 641 1713 gentis
681 1641 806 1696 cum
847 1644 1184 1696 carminibus
1224 1652 1279 1696 et
1318 1644 1572 1711 tripudiis
1611 1644 2041 1711 persultabant„

206 1753 230 1792 5
270 1723 444 1783 mitt‘it
488 1730 737 1783 delectos
783 1730 1208 1799 sagittariorum.
1290 1730 1338 1781 Ii
1377 1731 1507 1782 dum
1547 1731 1764 1783 eminus
1803 1748 2013 1798 grassa-

267 1818 484 1881 bantur,
525 1818 718 1869 crebra
755 1825 812 1870 et
851 1817 1028 1869 inulta
1064 1817 1292 1869 vulnera
1328 1817 1545 1870 fecere:
1596 1817 1819 1885 propius
1870 1817 2013 1870 ince-

266 1904 463 1956 dentes
491 1904 779 1971 eruptione
807 1904 991 1956 subita
1016 1904 1224 1955 turbati
1253 1911 1382 1955 sunt
1410 1904 1729 1972 receptique
1765 1904 2012 1956 subsidio

268 1989 610 2059 Sugambrae
636 1991 894 2052 cohortis,
925 2007 1088 2058 quarn
1118 1992 1405 2042 Romanus
1432 1998 1742 2058 promptam
1769 1991 1837 2042 ad
1876 1990 2013 2058 peri-

267 2076 390 2129 cula
427 2093 532 2128 nec
570 2076 753 2128 minus
793 2085 1060 2129 cantuum
1100 2084 1156 2128 et
1195 2093 1470 2128 armorum
1509 2077 1752 2128 tumultu
1797 2085 2010 2129 trucem

181 2169 244 2214 48
265 2163 410 2215 haud
442 2163 631 2230 procul
671 2163 1025 2215 instruxerat.
1100 2163 1395 2215 Translata
1432 2163 1633 2216 dehinc
1673 2170 1854 2215 castra
1891 2163 2012 2216 hos-

265 2257 379 2302 tem
408 2257 646 2317 propter,
669 2249 877 2302 relictis
904 2250 1049 2317 apud
1075 2249 1255 2317 priora
1281 2249 1626 2302 munimenta
1651 2249 2007 2313 ThraecibUS,

206 2360 230 2386 2
268 2352 405 2404 quos
444 2335 604 2388 nobis
641 2335 888 2389 adfuisse
925 2335 1236 2388 memoravi.
1318 2336 1505 2404 Iisque
1540 2336 1868 2404 permissum
1894 2354 2026 2402 vas-⁴

2096 2200 2111 2223 8

320 2475 356 2518 5.
386 2466 556 2506 indita:
589 2465 641 2506 cf.
672 2465 829 2515 Florus,
855 2466 891 2507 I.
921 2465 988 2518 36.
1021 2476 1090 2518 143
1234 2467 1497 2507 incondita:
1539 2466 1637 2518 only
1667 2466 1710 2506 in
1743 2472 1836 2519 part
1868 2467 2010 2508 armed
2104 2481 2110 2484 ·

265 2520 449 2560 inditam
471 2522 604 2560 monti
625 2521 780 2561 urbem.
1178 2522 1263 2561 and
1282 2521 1529 2573 disciplined
1554 2521 1627 2572 (cf.
1650 2522 1732 2561 ΙΙΙ.
1752 2532 1820 2573 43.
1841 2526 1907 2574 2).
2094 2521 2099 2526 ”

317 2573 399 2618 47.
443 2576 736 2627 Pomponius
772 2576 956 2616 Labeo:
997 2588 1095 2628 gov-
1230 2588 1270 2626 4.
1299 2577 1530 2629 tripudiis,
1550 2590 1577 2615 a
1597 2590 1692 2615 war
1711 2576 1852 2617 dance.

264 2642 385 2669 ernor
404 2630 451 2669 of
468 2630 615 2669 Moesia
639 2630 736 2682 (VI.
758 2641 822 2680 29.
849 2631 909 2683 1).
1233 2640 1269 2683 5.
1300 2631 1486 2683 recepti,
1507 2631 1683 2671 rescued.

318 2685 705 2725 Rhoemetalces:
738 2685 842 2737 king
875 2685 923 2724 of
950 2697 975 2725 a
1002 2690 1095 2738 part
1231 2697 1319 2726 nec
1349 2686 1531 2726 minus:
1566 2686 1629 2726 i.e.
1650 2686 1752 2725 than
1780 2685 1852 2726 the
1878 2686 2008 2726 Thra-
2087 2708 2095 2718 π

263 2738 311 2778 of
331 2740 493 2779 Thrace
523 2739 605 2792 (ΙΙ.
636 2739 701 2792 67.
730 2739 803 2790 4);
839 2740 893 2779 he
921 2753 1005 2779 was
1033 2753 1093 2779 re·
1176 2740 1302 2784 cians.
1375 2741 1467 2779 The
1509 2741 1803 2792 Sugambrians
1839 2753 1946 2780 were
1983 2753 2008 2780 a

263 2794 407 2846 quired
427 2800 470 2834 to
490 2794 646 2834 furnish
668 2794 896 2834 auxiliaries
922 2794 981 2847 (5.
1004 2794 1067 2847 5).
1176 2795 1357 2834 German
1371 2795 1475 2834 tribe
1487 2795 1582 2834 who
1595 2796 1679 2835 had
1691 2796 1799 2835 been
1812 2796 2007 2835 removed

316 2850 648 2901 compositum,
661 2849 863 2901 gathered
875 2849 1057 2901 together.
1176 2856 1219 2889 to
1239 2850 1310 2889 the
1330 2856 1430 2890 west
1449 2850 1563 2890 bank
1583 2850 1632 2889 of
1654 2850 1725 2889 the
1754 2850 1891 2889 Rhine
1915 2850 2007 2902 (see
2090 2839 2116 2907 ζ,

317 2914 355 2943 2.
384 2904 669 2951 visebantur,
685 2904 845 2943 shewed
854 2904 1092 2944 themselves.
1176 2905 1234 2944 II.
1256 2905 1320 2945 26.
1341 2904 1406 2956 3),
1426 2906 1510 2944 and
1529 2905 1623 2944 who
1643 2917 1750 2944 were
1771 2904 2007 2944 afterwards

317 2959 544 3009 suffugia:
587 2959 630 2997 in
668 2958 739 2998 the
776 2959 994 2998 mountain
1032 2971 1092 2998 re·
1175 2961 1345 3010 merged
1365 2959 1408 2998 in
1428 2960 1499 2998 the
1520 2959 1693 2999 Franks.

261 3015 398 3052 treats.
1229 3021 1453 3054 cantuum
1470 3021 1516 3054 et
1531 3025 1767 3053 armorum
1781 3013 2004 3053 tumultu:
2088 3003 2090 3005 ’

317 3076 355 3117 3.
402 3067 587 3119 aequali
625 3068 766 3108 dorso
803 3068 1092 3116 continuum,
1175 3068 1206 3107 it
1234 3068 1269 3107 is
1290 3068 1383 3108 well
1412 3068 1567 3107 known
1587 3068 1698 3107 what
1726 3073 1854 3107 terror
1883 3068 1918 3107 is
1945 3067 2005 3106 in-

260 3121 484 3174 stretclzing
499 3123 548 3162 in
568 3135 595 3161 a
615 3123 863 3163 continuom
882 3123 1008 3175 ridge.
1174 3122 1312 3174 spired
1350 3122 1403 3174 by
1435 3123 1507 3162 the
1541 3122 1694 3163 Indian
1724 3122 1998 3173 war-whoop3
