2170 3488
61 227 63 230 ’
143 229 253 270 A.D.
274 229 367 283 32.]

926 229 1173 271 ANNALS.
1893 226 1976 268 359

18 399 30 420 ἴ
58 361 61 365 ’
144 366 307 417 aditis
346 366 498 417 iuxta
527 365 778 418 Tiberim
810 365 1000 429 hortiS,
1031 382 1161 418 saxa
1191 381 1408 417 rursum
1441 372 1497 416 et
1530 365 1886 418 solitudinem

4 805 8 817 ³
76 838 80 840 -
141 797 408 849 maiorum
459 796 880 849 incitamentum
932 797 1203 864 cupidinis
1255 797 1507 849 habebat.

143 452 309 504 maris
359 451 598 519 repetiit,
645 452 853 518 pudore
905 452 1174 504 scelerum
1226 459 1282 504 et
1332 451 1638 513 libidinum,
1686 452 1885 519 quibus

142 538 280 590 adeo
306 537 588 590 indomitis
616 546 894 589 exarserat
921 546 982 589 ut
1009 555 1161 589 more
1186 538 1338 606 regio
1365 538 1567 605 pubem
1588 537 1885 605 ingenuam
1920 564 1931 574 ·

143 624 347 691 stupris
388 624 671 692 pollueret.
754 625 874 676 Nec
911 624 1144 676 formam
1182 631 1402 676 tantum
1442 632 1498 676 et
1538 625 1735 676 decora
1772 641 1884 677 cor·
1923 648 1947 685 3

141 727 290 778 pora,
320 712 416 762 sed
455 711 512 762 in
551 710 636 762 his
675 711 981 762 modestam
1024 711 1330 778 pueritiam,
1359 711 1415 763 in
1455 711 1575 763 aliis
1614 711 1885 779 imagines

1615 798 1883 867 Tuncque
1922 823 1948 858 4

26 890 33 893 “
92 911 96 915 ·
140 884 377 951 primum
409 883 600 951 ignota
630 891 795 935 antea
819 883 1086 934 vocabula
1117 891 1337 950 reperta
1375 891 1504 943 sunt
1544 883 1883 937 sellariorum

10 1017 20 1042 ξ
77 1017 83 1022 ,
140 977 196 1021 et
224 970 577 1037 spintriarum
605 986 673 1020 ex
696 969 966 1020 foeditate
1004 969 1111 1021 loci
1150 986 1212 1020 ac
1251 969 1542 1036 multiplici
1582 969 1884 1036 patientia;

139 1056 545 1124 praepositique
582 1055 726 1107 servi
751 1054 845 1123 qui
881 1056 1272 1123 conquirerent
1306 1056 1707 1123 pertraherent,
1738 1057 1883 1110 dona
1921 1078 1945 1117 5

138 1141 195 1194 in
221 1150 522 1210 promptOS,
546 1142 722 1193 minas
750 1142 1040 1193 adversum
1071 1143 1396 1204 abnuenteS,
1421 1150 1475 1193 et
1506 1142 1552 1194 si
1579 1142 1883 1196 retinerent

138 1229 479 1296 propinquus
523 1236 618 1280 aut
663 1245 878 1295 parenS,
926 1228 1036 1279 vim
1083 1237 1273 1295 raptus
1320 1245 1528 1296 suaque
1571 1228 1678 1296 ipsi
1728 1228 1885 1281 libita

137 1314 288 1367 velut
315 1315 372 1366 in
400 1323 590 1382 captos
619 1315 962 1367 exercebant.

210 1401 292 1453 At
321 1402 534 1453 Romae
561 1401 828 1468 principio
855 1401 1000 1463 anni,
1025 1401 1180 1469 quasi
1201 1418 1395 1453 recens
1422 1400 1660 1469 cognitis
1691 1401 1881 1454 Liviae
1920 1407 1950 1453 2

139 1481 362 1556 flagitiis
405 1506 470 1540 ac
514 1505 626 1539 non
668 1488 879 1555 pridem
926 1489 1093 1541 etiam
1138 1488 1365 1555 punitis,
1405 1495 1621 1540 atroces
1667 1495 1886 1540 senten-

137 1575 247 1626 tiae
277 1575 604 1627 dicebantur
630 1574 687 1625 in
714 1574 926 1642 effigies
958 1591 1176 1642 quoque
1211 1591 1274 1626 ac
1311 1574 1628 1626 memoriam
1661 1574 1796 1636 eiuS,
1826 1582 1882 1627 et

15 1707 18 1731 a
58 1694 63 1718 3
104 1715 107 1717 ,
137 1662 283 1713 bona
309 1660 495 1713 Seiani
522 1661 707 1712 ablata
732 1660 938 1712 aerario
966 1668 1026 1712 ut
1059 1661 1116 1711 in
1147 1661 1342 1712 fiscum
1375 1668 1721 1729 cogerentur,
1751 1669 1885 1712 tam-

137 1765 301 1817 quam
327 1748 571 1799 referret.
650 1746 940 1814 Scipiones
967 1747 1102 1800 haec
1130 1755 1186 1799 et
1215 1747 1388 1799 Silani
1416 1755 1473 1799 et
1502 1747 1680 1799 Cassii
1706 1747 1881 1799 isdem
1922 1771 1946 1797 2

135 1834 312 1886 ferme
337 1842 434 1885 aut
459 1834 684 1901 paulum
720 1833 1028 1885 immutatis
1053 1833 1238 1885 verbis
1269 1833 1677 1885 asseveratione
1712 1834 1885 1885 multa

58 1951 62 1959 ·
137 1921 454 1982 censebant,
485 1937 610 1972 cum
646 1927 875 1987 repente
913 1920 1199 1987 Togonius
1228 1920 1434 1982 Gallus,
1464 1921 1595 1971 dum
1634 1920 1884 1988 ignobili-

53 2015 60 2025 ‘
137 2014 308 2059 tatem
350 2024 505 2058 suam
545 2006 763 2074 magnis
804 2006 1120 2058 nominibus
1159 2005 1368 2068 inserit,
1398 2023 1497 2073 per
1521 2005 1880 2058 deridiculum

137 2093 369 2145 auditur.
452 2093 596 2144 Nam
635 2092 942 2160 principem
981 2093 1172 2144 orabat
1209 2093 1452 2160 deligere
1484 2100 1784 2154 senatoreS,
1815 2109 1880 2144 ex
1920 2116 1944 2153 3

60 2233 63 2237 ,
137 2179 260 2248 quis
284 2179 481 2247 viginti
511 2187 659 2231 sorte
686 2179 839 2231 ducti
866 2187 923 2230 et
949 2176 1095 2230 ferro
1122 2178 1372 2240 accincti,
1397 2179 1653 2246 quotiens
1675 2179 1878 2231 curiam

136 2265 347 2328 inisset,
377 2266 611 2317 salutem
652 2265 769 2317 eius
809 2265 1187 2317 defenderent.
1268 2264 1588 2317 Crediderat
1620 2265 1877 2316 nimirum
1918 2289 1944 2324 4

193 2437 231 2467 2.
260 2427 433 2467 hortis:
467 2427 585 2466 those
617 2426 883 2479 bequeathed
912 2426 968 2477 by

19 2476 23 2530 ⁸.
62 2481 70 2515 Ῑ
145 2481 267 2531 Julius
286 2482 427 2521 -Caesar
452 2487 495 2520 to
524 2482 595 2520 the
627 2483 791 2520 Roman
815 2481 967 2533 people

69 2547 76 2578 J
143 2535 223 2587 (ΙΙ.
242 2546 309 2585 41.
334 2534 396 2586 1).
452 2536 504 2574 In
534 2535 616 2574 this
649 2535 968 2586 neighborhood

55 2616 57 2618 -
138 2591 348 2641 Augustus
376 2590 462 2629 had
495 2591 758 2629 constructed
791 2603 816 2628 a
848 2590 969 2629 naval

20 2642 28 2700 ἓ,
61 2656 65 2657 ’
138 2644 440 2696 amphitheatre
462 2645 535 2696 (in
555 2658 633 2696 quo
652 2644 732 2683 loco
756 2658 873 2683 nunc
898 2658 967 2683 ne·

138 2712 231 2738 mus
253 2704 310 2738 est
332 2700 571 2738 Caesarum.
624 2700 744 2739 Mon.
765 2701 872 2738 Anc.
893 2700 966 2738 IV.

21 2763 57 2823 ‘g
137 2754 231 2805 43).
288 2754 347 2794 Of
379 2753 461 2793 this
488 2753 582 2793 visit
620 2754 840 2793 Suetonius
872 2767 967 2804 says

143 2808 264 2860 (Tib.
283 2809 355 2860 72)
372 2820 382 2848 z
412 2810 584 2848 triremi
604 2823 730 2861 usque
748 2810 810 2847 ad
815 2810 966 2860 proxi—

139 2877 223 2902 mos
259 2865 543 2903 naumachiae
577 2864 712 2903 hortos
747 2864 966 2911 subvectus,

63 2931 70 2936 “
139 2918 332 2970 disposita
352 2920 527 2958 statione
548 2925 629 2970 per
649 2920 768 2970 ripas
791 2918 966 2965 Tiberis,

29 2996 39 3004 ι
56 2975 62 2986 ·’
140 2986 246 3026 quae
267 2974 429 3012 obviam
441 2974 691 3024 prodeuntis
717 2973 971 3011 submoveret

179 3056 189 3067 .
215 3057 225 3067 .
253 3028 326 3066 sed
338 3028 561 3079 prospectis
590 3041 663 3066 nec
690 3027 822 3065 aditis
851 3027 968 3065 urbis

17 3087 18 3090 ’
141 3082 351 3120 moenibus
369 3083 508 3121 rediit.

195 3147 321 3182 saxa,
342 3142 444 3175 etc.:
479 3137 542 3175 i.e.
564 3136 612 3174 of
627 3136 762 3188 Capri.

1107 2423 1156 2469 2.
1194 2426 1356 2466 Liviae
1378 2426 1590 2476 flagitiis:
1614 2439 1684 2466 see
1699 2427 1774 2466 1V.
1790 2437 1827 2477 3.
1844 2436 1882 2477 3.

1049 2481 1186 2520 These
1206 2482 1291 2520 had
1310 2481 1419 2519 been
1439 2481 1646 2531 divulged,
1662 2482 1746 2520 and
1767 2481 1884 2520 Livia

1051 2535 1270 2587 punished,
1284 2535 1388 2574 after
1403 2535 1474 2574 the
1490 2535 1615 2574 death
1632 2535 1679 2573 of
1690 2534 1861 2585 Sejanus
1870 2548 1881 2583 ;

1051 2603 1122 2629 see
1141 2603 1182 2642 p.
1204 2600 1295 2642 350.

1107 2645 1298 2684 fiscum:
1360 2644 1432 2683 the
1490 2645 1714 2696 emperor’s
1768 2645 1883 2696 privy

1052 2712 1192 2751 purse3
1246 2699 1318 2738 the
1365 2700 1604 2746 aerarium,
1650 2712 1696 2738 or
1742 2698 1881 2751 public

1053 2759 1246 2804 treasury‚
1272 2766 1356 2792 was
1385 2754 1497 2805 quite
1526 2766 1571 2792 as
1598 2754 1723 2792 much
1752 2754 1884 2793 under

1052 2809 1116 2848 his
1136 2809 1310 2856 control,
1330 2822 1376 2847 so
1398 2809 1487 2847 that
1511 2809 1542 2847 it
1570 2810 1692 2847 made
1722 2821 1777 2847 no
1807 2807 1882 2847 dif-

1052 2863 1216 2903 ference
1270 2865 1533 2915 (tamquam
1583 2862 1789 2914 referret)
1839 2863 1884 2901 in

1051 2919 1187 2957 which
1207 2919 1278 2957 the
1299 2919 1422 2957 funds
1441 2931 1548 2956 were
1569 2918 1731 2970 placed.

1108 2984 1144 3011 2.
1180 2973 1441 3024 Scipiones,
1472 2978 1573 3012 etc.:
1607 2973 1811 3011 members
1840 2971 1888 3010 of

1052 3027 1168 3066 these
1190 3027 1314 3066 noble
1335 3026 1522 3073 families,
1535 3027 1635 3065 with
1654 3027 1791 3065 which
1811 3027 1883 3065 the

1053 3081 1360 3132 insignificance
1391 3080 1439 3119 of
1455 3081 1668 3132 Togonius
1688 3080 1830 3120 Gallus
1848 3081 1884 3120 is

1054 3136 1303 3176 contrasted.
