2170 3488
950 214 1205 254 TACITUS.

158 214 242 255 210
1720 215 1872 267 [Boox
1902 216 1985 268 111.

186 375 189 377 ·
243 351 483 413 domum,
505 358 787 418 tamquam
809 350 1190 402 defensionem
1217 350 1275 401 in
1301 358 1585 417 posterum
1612 351 1985 414 meditaretur,

242 454 418 504 pauca
468 436 765 488 conscribit
818 435 1185 503 obsignatque
1240 443 1296 487 et
1347 436 1544 488 liberto
1606 437 1806 500 tradit3
1868 445 1986 488 tum

183 537 208 572 6
249 523 410 575 solita
454 523 693 575 curando
739 522 951 589 corpori
997 522 1326 589 exsequitur.
1406 523 1554 575 Dein
1593 523 1822 574 multam
1862 530 1988 590 post

244 617 479 671 noctem,
510 625 733 676 egressa
760 608 1014 659 cubiculo
1055 625 1236 670 uxore,
1269 608 1468 676 operiri
1507 609 1654 660 fores
1694 609 1892 672 iussit;
1931 617 1987 661 et

245 703 440 762 coepta
464 695 587 747 luce
618 694 867 761 perfosso
907 694 1110 762 iugu10,
1141 694 1357 747 iacente
1395 694 1548 746 humi
1587 695 1782 763 gladio,
1812 712 1990 762 reper-

244 790 335 833 tus
363 789 462 833 est.
1077 791 1082 794 “

163 875 223 918 16
316 868 531 919 Audire
558 884 648 919 me
674 868 900 919 memini
928 885 994 919 ex
1026 868 1337 919 senioribus
1364 868 1546 919 visum
1587 868 1803 936 saepius
1843 868 1991 920 inter

245 971 441 1006 manus
470 954 683 1005 Pisonis
722 954 982 1016 libellum,
1013 971 1176 1022 quem
1217 954 1335 1021 ipse
1375 971 1488 1005 non
1513 947 1990 1022 vulgaverit3'sed

243 1041 449 1092 amicos
489 1040 608 1092 eius
647 1040 1004 1102 dictitavisse‚
1042 1041 1255 1092 litteras
1294 1041 1502 1092 Tiberii
1542 1049 1598 1092 et
1637 1042 1895 1093 mandata
1932 1041 1989 1093 in

246 1127 635 1178 Germanicum
688 1127 974 1189 contineri,
1028 1126 1092 1178 ac
1144 1127 1483 1178 destinatum
1536 1144 1787 1194 promere
1845 1128 1990 1195 apud

243 1221 429 1280 patres
480 1213 895 1280 principemque
946 1230 1189 1281 arguere,
1232 1213 1288 1264 ni
1334 1213 1521 1265 elusus
1567 1231 1599 1265 a
1645 1213 1847 1266 Seiano
1891 1231 1991 1281 per

243 1317 384 1351 vana
403 1299 673 1367 promissa
692 1299 835 1350 foret
856 1317 868 1362 ;
908 1317 1011 1351 nec
1034 1300 1186 1351 illum
1209 1307 1407 1367 sponte
1429 1300 1779 1362 exstinctum,
1797 1317 1988 1371 verum

185 1410 209 1435 2
247 1386 493 1438 immisso
521 1403 858 1453 percussore.
942 1386 1191 1454 Quorum
1232 1393 1490 1437 neutrum
1530 1386 1988 1441 asseveraverim:

245 1489 424 1540 neque
468 1480 656 1524 tamen
703 1473 954 1524 occulere
992 1473 1159 1524 debui
1204 1480 1485 1524 narratum
1525 1473 1594 1524 ab
1633 1472 1698 1523 iis
1739 1472 1831 1540 qui
1869 1489 1990 1524 nos-

245 1566 387 1610 tram
414 1559 482 1610 ad
514 1559 794 1610 iuventam
821 1560 1170 1611 duraverunt.

183 1669 207 1705 3
321 1645 526 1697 Caesar
541 1646 681 1696 flexo
699 1646 755 1696 in
773 1646 1107 1697 maestitiam
1126 1662 1219 1697 ore
1238 1663 1392 1697 suam
1411 1645 1673 1697 invidiam
1694 1646 1790 1697 tali
1810 1653 1988 1697 morte
2036 1693 2040 1696 Δ

244 1732 550 1800 quaesitam
571 1733 716 1799 apud
734 1740 988 1784 senatum
1017 1733 1047 1764 *
1070 1734 1101 1764 *
1130 1732 1447 1800 crebrisque
1467 1731 1988 1799 interrogationibus

245 1818 496 1886 exquirit,
522 1819 738 1886 qualern
768 1819 892 1869 Piso
915 1818 1061 1870 diem
1090 1836 1405 1885 supremum
1427 1826 1758 1886 noctemque
1785 1818 1990 1886 exegis-
2084 1883 2086 1886 v

183 1929 208 1964 4
248 1913 346 1956 set.
402 1904 593 1972 Atque
613 1904 705 1955 illo
726 1905 986 1973 pleraque
1008 1905 1302 1972 sapienter,
1327 1906 1593 1972 quaedam
1621 1904 1987 1956 inconsultius
2037 1936 2042 1938 —

243 1991 629 2058 respondente,
667 1991 864 2043 recitat
905 1991 1184 2043 codicillos
1223 2008 1256 2043 a
1296 1991 1493 2043 Pisone
1531 1991 1588 2042 in
1627 1991 1774 2046 hunc
1811 1991 1988 2043 ferme

184 2099 206 2137 5
249 2077 469 2128 modum
488 2078 850 2144 compositos:
882 2078 1330 2145 ‘Conspiratione
1347 2077 1694 2130 inimicorum
1712 2085 1768 2128 et
1786 2077 1990 2129 invidia

243 2162 369 2214 falsi
396 2163 639 2214 criminis
667 2180 980 2230 oppreSSUS‚
1008 2171 1281 2232 quatenus
1306 2164 1527 2215 veritati
1554 2172 1610 2215 et
1638 2163 1988 2215 innocentiae

245 2266 400 2301 meae
427 2266 697 2316 nusquam
734 2250 886 2302 locus
926 2259 1028 2312 est,
1058 2251 1190 2302 deos
1218 2250 1556 2302 immortales
1583 2257 1760 2301 testor
1784 2250 1987 2302 vixisse

1210 2427 1247 2456 2.
1277 2417 1572 2463 duraverunt,
1597 2416 1733 2463 lastetl,
1758 2406 1986 2456 continued

299 2424 336 2468 5.
365 2415 679 2462 meditaretur,
699 2429 785 2454 was
808 2417 1048 2468 composing.

298 2470 346 2509 in
366 2476 633 2520 posterum:
666 2483 716 2509 sc.
738 2470 876 2510 diem.

298 2524 436 2564 solita
457 2553 466 2564 .
489 2554 498 2563 .
521 2554 530 2563 .
551 2525 757 2576 corpori:
781 2525 844 2564 i.e.
858 2525 971 2572 bath,
987 2525 1075 2565 din-

242 2591 328 2625 ner‚
350 2584 430 2618 etc.
462 2600 465 2602 ·

299 2631 380 2676 16.
414 2634 636 2673 mandata
656 2634 704 2672 in
721 2634 1072 2674 Germanicum:

244 2689 307 2727 i.e.
328 2687 398 2726 the
425 2688 688 2726 commission
718 2694 760 2727 to
791 2689 955 2739 destroy
976 2689 1074 2728 him.

243 2743 282 2782 It
311 2743 344 2781 is
373 2748 446 2781 not
475 2748 516 2782 at
543 2742 596 2781 all
623 2743 879 2794 improbable
900 2743 989 2782 that
1006 2744 1074 2782 Ti·

241 2798 377 2837 berius
406 2798 606 2850 privately
625 2812 729 2850 gave
754 2799 840 2838 him
866 2799 936 2838 the
963 2813 1074 2838 com·

242 2853 410 2892 mission
448 2859 491 2892 to
524 2854 658 2893 watch
697 2867 795 2893 over
828 2854 898 2893 the
936 2867 1075 2905 young

241 2920 351 2954 man,
367 2909 451 2947 and
467 2908 646 2947 exercise
668 2921 693 2948 a
713 2909 870 2948 certain
885 2909 1074 2948 restraint

242 2974 339 3000 over
358 2962 446 3001 him
469 2963 561 3014 (see
583 2963 641 3003 ΙΙ.
661 2973 728 3014 43.
750 2974 774 3014 3
795 2963 876 3015 n.).

297 3017 585 3056 destinatum
625 3016 697 3069 (sc.
736 3018 884 3058 fuisse
915 3018 982 3058 ei:
1020 3017 1073 3057 cf.

242 3069 277 3109 1.
296 3080 363 3121 47.
388 3069 448 3122 1),
467 3071 516 3109 lte
532 3072 623 3110 bad
637 3072 842 3112 intended.

299 3125 496 3166 Seiano:
528 3138 599 3166 see
619 3126 654 3167 Ι.
676 3136 740 3177 24.
760 3137 786 3178 3
806 3139 848 3167 n.

1155 2471 1204 2509 in
1224 2471 1258 2509 li
1278 2485 1309 2510 e.
1714 2497 1718 2500 -

1210 2535 1246 2575 3.
1277 2525 1462 2571 crebris,
1479 2531 1580 2564 etc.:
1611 2525 1681 2564 the
1698 2537 1871 2577 passage
1887 2525 1986 2565 here

1154 2580 1327 2619 omitted
1380 2579 1589 2630 evidently
1640 2580 1863 2619 contained
1914 2580 1985 2619 the

1153 2634 1339 2673 mention
1369 2634 1417 2672 of
1440 2647 1554 2672 some
1574 2635 1986 2687 person—perhaps

1155 2689 1282 2727 Piso’s
1322 2701 1411 2736 son,
1450 2689 1629 2740 perhaps
1669 2689 1733 2728 his
1775 2689 1986 2729 freedman

1153 2744 1394 2783 mentioned
1424 2744 1554 2782 above
1568 2745 1728 2783 —who
1748 2758 1832 2784 was
1860 2745 1986 2784 intro-

1153 2800 1289 2839 duced
1327 2801 1410 2839 and
1449 2801 1713 2852 questioned3
1763 2801 1818 2840 he
1856 2800 1891 2840 is
1923 2813 1984 2839 re-

1152 2854 1286 2894 ferred
1306 2860 1349 2894 to
1370 2855 1423 2906 by
1444 2856 1522 2894 illo
1542 2855 1689 2895 below.

1204 2921 1244 2958 4.
1288 2910 1470 2950 recitat:
1522 2923 1573 2950 sc.
1621 2909 1820 2949 Tiberius.
1894 2909 1985 2948 The

1152 2963 1376 3003 document
1397 2964 1577 3004 referred
1606 2970 1649 3004 to
1678 2965 1713 3003 is
1742 2964 1831 3003 that
1850 2963 1985 3002 which

1153 3017 1247 3057 Piso
1263 3018 1297 3057 is
1313 3019 1400 3058 said
1418 3018 1506 3071 (15.
1525 3018 1570 3070 5)
1586 3024 1628 3057 to
1644 3019 1748 3057 have
1766 3019 1983 3070 prepared,

1152 3078 1354 3124 —pauca
1376 3073 1598 3112 conscribit
1613 3073 1883 3124 obsignatque.

1145 3167 1147 3169 ,
1209 3136 1247 3180 5.
1277 3134 1527 3179 quatenus,
1547 3128 1659 3166 since
1679 3127 1802 3180 (Intr.
1825 3137 1874 3179 35
1885 3126 1955 3179 j).
