2170 3488
41 1564 63 1595 ἡ
40 1516 66 1551 ih
43 1390 72 1508 <dv-⁴2³2?
36 1323 70 1374 1:25.-
44 1305 46 1307 ⁴
46 1173 67 1291 axz-1³.-

48 1124 66 1167 ’Ψ
47 636 83 1099 ''··'e·¹‘t*5¹4'2·‹-‹·*dammae-au*
76 616 78 618 ⁴
75 518 77 522 l

195 179 304 221 A.D.
326 179 414 232 22]
975 181 1217 224 ANNALS.
1941 184 2024 229 243

195 315 475 384 vetitaque
502 315 821 368 utensilium
848 317 1026 385 pretia
1051 318 1239 387 augeri
1265 318 1322 370 in
1360 319 1493 382 dies,
1522 336 1624 373 nec
1662 321 1942 374 mediocri-

195 403 300 456 bus
326 401 584 454 remediis
624 402 748 454 sisti
786 419 964 470 posse.
1045 405 1120 457 Et
1160 404 1399 458 consulti
1437 413 1622 474 patres
1661 406 1939 476 integrum

197 489 254 542 id
297 488 580 557 negotium
626 489 695 540 ad
739 489 1042 557 principem
1088 491 1430 543 distulerant.
1525 492 1636 544 Sed
1682 493 1936 547 Tiberius
1976 520 2001 555 4

196 592 362 643 saepe
391 575 536 642 apud
569 591 629 627 se
660 575 937 642 pensitato
968 594 1039 628 an
1074 578 1312 629 coerceri
1346 585 1462 629 tam
1500 578 1757 645 profusae
1796 581 1940 647 cupi-

195 662 353 714 dines
371 669 615 729 possent,
639 677 772 712 num
799 662 1057 714 coercitio
1085 664 1208 730 plus
1235 664 1420 715 damni
1448 664 1503 715 in
1525 681 1639 715 rem
1666 666 1938 732 publicam

194 749 381 811 ferret,
423 764 587 816 quam
626 747 945 800 indecorum
985 757 1283 802 attrectare
1321 752 1467 818 quod
1508 768 1618 802 non
1663 752 1938 805 obtineret

195 835 285 888 vel
334 842 615 887 retentum
667 834 1025 902 ignominiam
1080 844 1136 888 et
1187 837 1469 888 infamiam
1514 838 1751 889 virorum
1797 839 1941 891 illus-

195 921 362 974 trium
388 928 656 989 posceret,
683 930 964 988 postremo
991 922 1205 974 litteras
1233 924 1302 975 ad
1329 931 1582 975 senatum
1610 925 1935 992 composuit,

195 1025 425 1078 quarum
455 1008 735 1059 sententia
761 1008 818 1059 in
843 1008 991 1061 hunc
1018 1010 1242 1060 modum
1268 1009 1374 1061 fuit
1401 1028 1411 1062 :

272 1094 518 1147 ‘Ceteris
567 1094 800 1146 forsitan
845 1094 902 1146 in
947 1096 1126 1158 rebuS,
1174 1103 1359 1163 patres
1405 1096 1717 1164 conscripti,
1761 1097 1937 1165 magis
1958 1103 2020 1149 53

195 1181 448 1250 expediat
474 1196 563 1231 me
591 1197 772 1232 coram
813 1180 1142 1248 interrogari
1181 1189 1236 1233 et
1276 1183 1459 1234 dicere
1497 1182 1627 1250 quid
1654 1200 1684 1234 e
1712 1200 1769 1234 re
1807 1184 1939 1250 pub-

195 1269 301 1321 lica
350 1283 642 1330 censeam;
693 1267 750 1318 in
803 1267 905 1319 hac
950 1268 1216 1320 relatione
1262 1269 1511 1320 subtrahi
1553 1269 1738 1321 oculos
1783 1287 1935 1322 meos

196 1355 392 1407 melius
417 1353 539 1416 fuit,
569 1370 639 1405 ne
667 1354 1061 1406 denotantibus
1088 1354 1244 1406 vobis
1280 1372 1375 1406 ora
1412 1372 1475 1407 ac
1514 1364 1722 1412 metum
1756 1356 1938 1424 singu-

195 1442 374 1494 lorum
413 1440 508 1509 qui
547 1441 791 1508 pudendi
830 1441 989 1492 luxus
1028 1449 1407 1508 arguerentur,
1441 1442 1558 1509 ipse
1598 1442 1762 1494 etiam
1794 1441 1933 1494 vide-

195 1545 312 1581 rem
352 1544 446 1580 eos
484 1544 548 1580 ac
585 1527 737 1578 velut
778 1527 1189 1594 deprenderem.
1272 1511 1522 1596 Quodsi
1561 1545 1776 1580 mecum
1803 1536 1933 1580 ante
1973 1552 1996 1578 2

193 1615 298 1668 viri
348 1613 562 1667 strenui
612 1613 816 1665 aediles
873 1613 1163 1665 consilium
1220 1614 1562 1676 habuissent,
1616 1614 1802 1666 nescio
1864 1631 1935 1666 an

196 1718 457 1755 suasurus
507 1700 707 1752 fuerim
758 1700 1017 1751 omittere
1067 1687 1250 1767 potius
1296 1700 1607 1767 praevalida
1649 1708 1704 1751 et
1749 1700 1935 1752 adulta

195 1787 330 1841 vitia
366 1804 530 1856 quam
569 1787 676 1839 hoc
713 1786 950 1854 assequi,
980 1793 1041 1837 ut
1081 1786 1259 1853 palam
1298 1787 1455 1838 fieret
1487 1786 1683 1854 quibus
1711 1786 1934 1854 flagitiis

194 1878 433 1946 impares
461 1892 724 1929 essemus.
795 1875 906 1928 Sed
933 1875 1009 1926 illi
1037 1875 1258 1943 quidem
1286 1876 1465 1928 officio
1492 1875 1670 1927 functi
1697 1884 1840 1938 sunt,
1869 1884 1930 1928 ut
1971 1900 1994 1937 3

195 1972 411 2018 ceteros
451 1979 669 2032 quoque
707 1962 1068 2029 magistratus
1108 1979 1207 2013 sua
1245 1962 1432 2013 munia
1475 1961 1700 2028 implere
1738 1961 1933 2015 velim:

194 2050 329 2103 mihi
367 2057 551 2102 autem
590 2065 772 2118 neque
809 2049 1104 2100 honestum
1147 2048 1307 2099 silere
1346 2064 1526 2115 neque
1564 2047 1811 2116 proloqui
1850 2065 1935 2101 ex·

193 2137 457 2206 peditum,
487 2136 615 2205 quia
641 2153 751 2187 non
778 2135 969 2187 aedilis
997 2142 1091 2186 aut
1119 2134 1384 2202 praetoris
1411 2142 1507 2185 aut
1539 2134 1780 2186 consulis
1819 2151 1935 2202 par-

193 2224 266 2277 tis
319 2223 581 2276 sustineo,
692 2221 874 2273 Maius
925 2221 1129 2289 aliquid
1180 2229 1236 2273 et
1287 2220 1555 2273 excelsius
1605 2238 1637 2272 a
1686 2221 1932 2288 principe
1970 2247 1995 2282 4

194 2310 538 2379 postulatur;
577 2316 633 2361 et
661 2325 787 2360 cum
814 2315 966 2360 recte
992 2308 1266 2359 factorum
1294 2307 1398 2359 sibi
1432 2306 1663 2375 quisque
1702 2306 1933 2374 gratiam

1161 2491 1322 2531 nescio
1342 2503 1417 2538 an,
1439 2496 1530 2538 etc.,
1545 2491 1577 2529 I
1582 2490 1733 2535 slzould
1737 2490 1935 2542 probably

245 2471 286 2544 4.
325 2505 468 2547 quam
487 2508 496 2533 :
555 2492 848 2544 interrogative
867 2514 922 2521 —
938 2491 1028 2530 lzow

1103 2546 1208 2585 bave
1226 2546 1407 2584 advised.

193 2549 468 2600 unbecoming
495 2549 532 2587 it
556 2561 655 2595 was,
677 2553 754 2586 etc.

246 2616 343 2644 non
359 2604 601 2650 obtineret,
616 2603 665 2641 he
679 2602 805 2640 could
814 2607 886 2640 not
898 2614 1028 2652 carry

192 2658 365 2711 through
377 2672 396 2704 ,·
435 2664 669 2698 retentum
708 2656 783 2695 has
821 2669 846 2695 a
884 2655 1026 2695 condi-

191 2713 321 2753 tional
340 2713 452 2752 force
467 2735 520 2741 —
533 2725 632 2750 even
654 2711 891 2764 ifsecured.

246 2766 330 2811 53.
370 2767 618 2807 relatione:
654 2766 754 2804 with
785 2766 837 2805 its
867 2765 1025 2804 techni-

192 2822 256 2862 cal
283 2822 498 2873 meaning;
540 2822 590 2861 in
618 2821 682 2860 tlte
715 2826 865 2860 matter
894 2820 1027 2874 before

193 2889 292 2928 you.

245 2932 361 2984 ipse,
390 2937 492 2972 etc.:
525 2944 570 2971 as
599 2929 826 2980 exercising
853 2928 925 2968 the
954 2941 1024 2968 au-

190 2986 342 3038 thority
362 2986 408 3026 of
424 2999 583 3026 censor.

246 3052 284 3082 2.
313 3041 505 3089 strenui,
526 3041 719 3092 vzgrorous
740 3038 785 3078 in
810 3038 882 3078 the
911 3050 1022 3078 exer-

190 3095 274 3136 cise
294 3096 336 3135 ot
366 3094 514 3135 official
534 3094 681 3134 duties.

1160 2601 1392 2640 omittere:
1415 2600 1485 2638 the
1502 2612 1572 2638 use
1589 2599 1636 2638 of
1650 2600 1719 2643 the
1736 2600 1933 2639 infinitive

1105 2655 1208 2694 after
1226 2656 1374 2693 suadeo
1395 2655 1428 2693 is
1454 2654 1603 2705 poetic,
1624 2654 1706 2692 and
1733 2654 1862 2694 found
1890 2655 1933 2694 in

1102 2710 1271 2749 Tacitus
1294 2709 1389 2759 only
1409 2709 1451 2747 in
1472 2708 1542 2747 the
1561 2708 1740 2746 Annals.

1158 2764 1312 2816 palam
1347 2763 1486 2809 fieret,
1518 2763 1554 2800 it
1582 2762 1728 2800 should
1754 2762 1798 2801 be
1826 2762 1932 2814 pub-

1103 2819 1236 2858 lislzed
1250 2824 1287 2857 to
1307 2818 1370 2856 tlze
1388 2817 1531 2855 world.

1159 2884 1196 2924 3.
1226 2873 1450 2924 proloqui,
1471 2877 1633 2922 express
1659 2883 1727 2921 my
1745 2870 1933 2921 opinion.

1157 2929 1301 2980 partis
1323 2927 1548 2973 sustineo,
1568 2925 1666 2964 lzold
1678 2926 1741 2963 tlte
1759 2925 1877 2978 office.

1155 2995 1194 3031 4.
1224 2994 1252 3021 a
1272 2982 1501 3033 principe:
1534 2980 1604 3019 the
1629 2992 1828 3031 emperor,
1848 2984 1933 3026 too,

1100 3050 1183 3076 was
1220 3049 1245 3075 a
1291 3036 1539 3086 magistrate,
1576 3034 1731 3085 having
1777 3033 1932 3072 certain

1076 3091 1268 3132 ‘definite
1315 3089 1538 3136 functions,
1579 3100 1660 3127 one
1707 3087 1755 3127 of
1795 3087 1932 3127 which
