2170 3488
42 680 90 1839 ,⁸wt-u-ffiffltvasws-wsummnmssmmwmt
55 611 90 666 ᾳ»,
78 585 82 598 Α.
61 540 74 547 ε
74 499 85 524 .,
62 443 82 467 ψ
57 340 78 350 >
78 298 84 304 .
67 249 78 272 .·

139 1657 142 1659 ·
188 1640 438 1708 publicae
483 1639 721 1706 negotiis
766 1639 1080 1705 permixtos,

189 211 295 251 A.D.
317 209 404 262 25.]
982 211 1225 250 ANNALS.
1934 211 2013 253 305

190 363 377 399 surum
405 345 462 395 in
490 345 683 395 eodem
711 345 902 396 ordine
928 353 1106 411 putas,
1131 353 1187 397 et
1217 346 1446 408 Liviam,
1470 363 1611 414 quae
1633 347 1771 399 Gaio
1799 347 1932 399 Cae-

190 432 313 493 sari,
342 447 469 482 mox
495 431 680 481 Druso
708 438 881 496 nupta
906 431 1087 493 suerit,
1119 449 1184 483 ea
1209 440 1396 483 mente
1422 441 1668 484 acturam
1707 441 1768 484 ut
1804 451 1929 485 cum

189 518 374 587 equite
403 519 657 568 Romano
686 525 951 568 senescat.
1035 518 1157 585 Ego
1196 526 1256 569 ut
1297 518 1488 580 sinam,
1520 519 1772 570 credisne
1810 537 1927 587 pas·
1966 534 1990 569 6

190 622 345 657 suros
381 603 474 671 qui
511 603 741 654 fratrem
781 603 915 665 eiUS,
945 604 1038 670 qui
1076 612 1289 670 patrem
1329 605 1672 673 maioresque
1711 614 1929 658 nostros

190 692 247 743 in
274 690 503 742 summis
530 689 774 756 imperiis
800 690 1025 740 videre?
1100 690 1201 741 Vis
1233 698 1295 741 tu
1328 691 1549 758 quidem
1585 692 1755 743 istum
1783 692 1928 744 intra
1966 717 1991 752 7

189 778 369 829 locum
410 776 639 827 sistere:
679 776 777 827 sed
816 775 893 826 illi
931 776 1289 843 magistratus
1329 785 1385 828 et
1425 777 1704 843 primores,
1742 778 1834 845 qui
1872 786 1930 830 te

187 864 422 915 invitum
467 870 828 930 perrumpunt
874 862 1240 930 omnibusque
1286 864 1354 914 de
1399 864 1562 914 rebus
1615 865 1926 927 consulunt,

189 949 492 1002 excessisse
518 949 625 999 iam
658 948 870 1015 pridem
910 956 1165 1015 equestre
1202 949 1488 1016 fastigium
1528 950 1802 1018 longeque
1840 968 1930 1002 an-

188 1036 326 1088 tisse
376 1035 547 1102 patris
599 1034 709 1085 mei
760 1034 1029 1085 amicitias
1076 1051 1189 1085 non
1234 1035 1437 1086 occulti
1481 1034 1681 1097 ferunt,
1723 1053 1929 1103 perque

187 1122 448 1173 invidiam
476 1121 558 1172 tui
586 1138 674 1172 me
714 1137 931 1188 quoque
971 1121 1242 1172 incusant.
1325 1121 1407 1172 At
1447 1122 1594 1172 enim
1634 1122 1928 1189 Augustus

189 1209 357 1260 filiam
393 1225 548 1259 suam
588 1207 761 1274 equiti
791 1208 1044 1257 Romano
1083 1208 1299 1258 tradere
1338 1208 1637 1259 meditatus
1678 1216 1795 1260 est:
1834 1209 1928 1259 mi-
1968 1223 1990 1258 8

189 1312 308 1347 rum
349 1294 585 1356 hercule,
627 1294 672 1344 si
714 1311 838 1344 cum
878 1293 935 1343 in
974 1294 1152 1344 omnis
1200 1311 1358 1345 curas
1398 1294 1807 1356 distraheretur,
1837 1294 1931 1345 im-

188 1397 550 1448 mensumque
596 1380 776 1431 attolli
820 1380 1132 1446 provideret
1178 1397 1342 1451 quern
1395 1380 1782 1431 coniunctione
1833 1381 1930 1432 tali

189 1471 360 1535 super
380 1467 514 1518 alios
543 1466 848 1527 extulisset,
883 1466 941 1517 C.
977 1466 1319 1517 Proculeium
1347 1474 1402 1517 et
1430 1467 1695 1533 quosdam
1728 1467 1784 1517 in
1824 1484 1931 1518 ser-

190 1554 446 1606 monibus
491 1553 683 1604 habuit
730 1552 933 1619 insigni
984 1552 1382 1619 tranquillitate
1427 1541 1588 1614 vitae,
1637 1553 1799 1604 nullis
1852 1553 1928 1604 rei

1174 1638 1284 1690 Sed
1333 1638 1378 1689 si
1423 1639 1769 1690 dubitatione
1814 1639 1927 1690 Au-
1968 1663 1992 1698 9

188 1726 338 1794 gusti
363 1742 664 1786 movemur,
694 1732 900 1792 quanto
939 1725 1170 1776 validius
1211 1733 1296 1775 est
1336 1726 1482 1792 quod
1512 1726 1701 1776 Marco
1733 1726 1931 1792 Agrip-

91 1829 116 1867 ’,
189 1829 304 1880 pae‚
335 1830 461 1863 mox
487 1812 622 1863 mihi
649 1812 973 1863 collocavit?
1038 1811 1230 1878 Atque
1258 1828 1362 1878 ego
1391 1812 1526 1862 haec
1554 1829 1651 1878 pro
1691 1812 1929 1863 amicitia
1972 1835 2017 1861 10

189 1917 301 1950 non
347 1898 649 1950 occultavi:
702 1906 949 1949 ceterum
995 1914 1174 1964 neque
1219 1897 1330 1948 tuis
1376 1914 1557 1964 neque
1612 1898 1800 1948 Liviae
1845 1899 1932 1949 de-

190 1985 409 2038 stinatis
461 1985 801 2035 adversabor.
885 1984 1012 2050 Ipse
1059 1983 1189 2050 quid
1241 1983 1386 2034 intra
1436 1984 1679 2034 animum
1726 1984 1930 2034 voluta·
1973 2007 2015 2033 11

245 2142 281 2185 5.
322 2132 371 2171 in
409 2133 577 2172 eodem
616 2132 801 2171 ordine:
850 2132 912 2169 i.e.
948 2131 1018 2169 the

189 2187 423 2238 equestrian
450 2187 584 2232 order,
613 2192 656 2224 to
682 2185 817 2224 which
848 2184 1019 2235 Sejanus

1103 2131 1156 2169 lic
1189 2130 1272 2177 life,
1302 2131 1386 2169 and
1414 2130 1550 2170 would
1582 2131 1636 2169 be
1665 2130 1853 2170 elevated
1880 2131 1935 2182 by

1104 2185 1210 2224 their
1233 2185 1447 2235 marriage.

187 2241 407 2292 belonged.
447 2240 731 2291 Membership
748 2239 796 2278 of
805 2240 887 2278 this
899 2241 1019 2278 order

187 2308 272 2335 was
289 2296 560 2334 inconsistent
578 2295 678 2333 with
699 2307 723 2333 a
743 2294 926 2346 political
953 2307 1018 2332 ca-

188 2363 296 2398 teet-3
336 2350 411 2389 but
450 2349 620 2400 Sejanus
657 2354 766 2388 must
804 2349 910 2387 have
949 2362 1018 2387 en-

188 2406 305 2444 tered
332 2405 404 2444 the
433 2403 654 2443 senatorial
684 2405 804 2442 order
822 2403 946 2442 when
965 2403 1019 2442 he

188 2459 290 2499 held·
303 2460 375 2498 the
395 2459 645 2509 consulship,
664 2469 752 2497 A.D.
776 2469 840 2508 31.

245 2524 280 2565 7.
310 2514 455 2554 istum
478 2514 660 2553 locum:
694 2513 765 2552 the
786 2513 1019 2565 equestrian

189 2569 320 2608 order.

242 2629 288 2663 te
326 2630 644 2675 perrumpunt,
684 2622 810 2661 break
847 2622 1019 2674 through

189 2690 304 2728 your
323 2691 493 2717 reserve.

243 2733 386 2784 patris
417 2733 511 2772 mei
542 2732 798 2771 amicitias:
841 2731 943 2770 such
974 2744 1019 2770 as

188 2787 388 2839 Agrippa,
410 2788 631 2834 Maecenas,
655 2787 740 2825 and
768 2785 1018 2833 Proculeius,

188 2842 428 2880 mentioned
447 2842 591 2881 below.

245 2895 282 2935 8.
312 2896 360 2936 in
381 2897 537 2937 omnis
558 2908 708 2943 curas,
728 2901 832 2934 ete.:
860 2896 1020 2946 Augus-

189 2955 267 2998 tus,
279 2951 421 2991 unlike
431 2951 632 2998 Tiberius,
645 2951 730 2989 had
742 2963 797 2988 on
810 2950 874 2988 his
886 2949 1020 2988 shoul-

191 3005 284 3044 ders
315 3005 370 3044 all
402 3006 473 3044 the
507 3018 623 3044 cares·
656 3005 703 3044 of
726 3010 850 3052 state3
897 3004 1019 3043 while

190 3058 254 3099 his
282 3060 590 3112 contemplated
618 3059 874 3098 sons-in-law
898 3071 1019 3105 were,

191 3113 333 3156 unlike
348 3113 531 3169 Sejanus,
543 3114 786 3156 withdrawn
800 3113 906 3155 from
920 3113 1020 3168 pub·

1159 2240 1470 2279 immensum:
1512 2240 1734 2287 adverbial,
1764 2239 1934 2291 qualify·

1104 2295 1177 2345 ing
1196 2294 1357 2333 attolli.

1159 2350 1208 2388 C.
1232 2349 1551 2388 Proculeium:
1585 2349 1633 2387 of
1655 2349 1793 2387 whom
1823 2350 1934 2387 Hor-

1105 2417 1178 2442 ace
1208 2404 1357 2455 speaks
1383 2403 1482 2454 (Od.
1514 2404 1572 2442 ΙΙ.
1599 2414 1635 2442 2.
1661 2403 1706 2455 5)
1725 2418 1734 2442 :
1751 2426 1805 2431 —
1822 2405 1939 2442 Vivet

1105 2464 1261 2496 extento
1286 2459 1528 2496 Proculeius
1556 2471 1666 2505 aevo,
1692 2456 1698 2510 Ι
1722 2459 1856 2497 Notus
1885 2459 1934 2496 in

1105 2514 1269 2566 fratres
1297 2513 1442 2550 animi
1461 2513 1648 2563 paterni.

1160 2568 1336 2617 insigni
1367 2597 1377 2606 .
1411 2570 1422 2605 .’
1454 2595 1462 2603 .
1495 2567 1774 2618 permixtos:
1817 2567 1934 2605 these

1104 2635 1200 2660 men
1227 2622 1337 2660 lived
1364 2621 1567 2671 modestly
1587 2622 1670 2660 and
1689 2621 1870 2671 humbly,
1891 2621 1934 2659 in

1105 2682 1285 2715 contrast
1306 2682 1348 2714 to
1370 2675 1551 2726 Sejanus.

1158 2742 1196 2780 9.
1241 2738 1416 2781 quanto
1454 2730 1670 2777 validius,
1710 2735 1819 2768 ete.:
1870 2730 1934 2768 his

1104 2786 1201 2824 final
1254 2786 1451 2832 decision,
1499 2785 1602 2823 after
1650 2784 1933 2830 deliberation‚

1103 2840 1253 2879 should
1271 2840 1405 2890 weigh
1425 2853 1538 2878 more
1565 2839 1666 2877 than
1692 2838 1756 2876 his
1783 2838 1932 2876 hesita-

1103 2895 1202 2933 tion.
1260 2895 1447 2945 Agrippa
1476 2906 1571 2940 was,
1601 2899 1643 2932 to
1672 2893 1724 2931 be
1758 2905 1861 2939 sure,
1891 2891 1939 2930 of

1103 2949 1184 2988 low
1197 2949 1320 2995 birth,
1342 2949 1414 2986 but
1434 2948 1487 2986 he
1507 2948 1591 2986 had
1611 2947 1796 2986 attained
1815 2959 1932 2985 sena·

1104 3004 1224 3042 torial
1242 3004 1359 3042 rank.

1105 3068 1112 3074 ·
1164 3069 1223 3097 10.
1254 3069 1337 3109 pro
1358 3056 1575 3106 amicitia,
1596 3068 1643 3096 as
1662 3068 1744 3098 our
1759 3055 1931 3112 friend-

1103 3113 1194 3167 slzz'p
1214 3111 1425 3153 demands.
