2170 3488
165 196 274 254 Aa).
296 212 386 267 25.]
957 212 1200 252 ANNALS.
1911 212 1990 253 303

165 348 506 409 modestiam,
544 347 718 408 multi,
757 347 884 414 quia
922 348 1208 410 diffideret,
1251 349 1469 416 quidam
1512 356 1573 400 ut
1615 349 1904 416 degeneris

165 435 332 488 animi
371 433 907 500 interpretabantur.
1014 434 1271 500 Optimos
1331 435 1535 502 quippe
1591 435 1902 487 mortalium
1942 458 1966 496 5

165 520 430 573 altissima
456 537 688 586 cupere:
729 520 808 571 sic
838 521 1141 572 Herculem
1181 528 1237 572 et
1268 521 1532 572 Liberum
1571 522 1713 588 apud
1743 522 1908 573 Grae-

166 625 273 670 COS,
306 606 599 675 Quirinum
626 607 771 673 apud
811 624 912 658 nos
952 608 1115 658 deum
1155 625 1383 658 numero
1420 607 1635 659 additos
1657 625 1668 670 ;
1709 608 1904 660 melius

165 694 501 761 Augustum,
544 692 637 760 qui
683 693 999 759 speraverit.
1083 693 1282 745 Cetera
1326 694 1667 760 principibus
1713 695 1902 745 statim
1942 709 1968 744 6

165 781 387 832 adesse:
439 796 608 830 unum
660 779 1047 830 insatiabiliter
1091 781 1408 846 parandum,
1452 797 1768 847 prosperam
1821 781 1905 832 sui

165 866 479 918 memoriam
502 883 514 928 3
553 882 679 916 nam
708 873 1032 932 contemptu
1059 867 1239 917 famae
1268 866 1547 918 contemni
1572 867 1821 918 virtutes,

235 953 317 1004 At
347 952 580 1005 Seianus
620 951 789 1002 nimia
827 952 1051 1003 fortuna
1090 970 1275 1004 socors
1314 960 1369 1004 et
1402 952 1656 1004 muliebri
1683 953 1907 1020 insuper
1926 960 1988 1004 39

166 1039 419 1107 cupidine
465 1038 740 1100 incenSUS,
788 1038 1119 1105 promissum
1165 1039 1574 1090 matrimonium
1620 1039 1905 1106 flagitante

167 1125 339 1187 Livia,
382 1124 661 1192 componit
701 1126 769 1175 ad
810 1125 1101 1176 Caesarem
1143 1126 1458 1177 codicillos:
1498 1126 1664 1176 moris
1704 1126 1905 1193 quippe

165 1220 282 1264 tum
327 1219 443 1263 erat
487 1229 816 1279 quamquam
863 1220 1212 1278 praesentem
1261 1212 1464 1278 scripto
1509 1213 1671 1263 adire.
1767 1213 1903 1263 Eius
1944 1235 1967 1260 2

165 1298 290 1351 talis
334 1298 509 1349 forma
552 1298 692 1350 fuit:
738 1298 1125 1349 benevolentia
1169 1299 1340 1365 patris
1387 1298 1634 1365 Augusti
1680 1306 1735 1349 et
1781 1315 1907 1348 mox

166 1385 413 1453 plurimis
444 1384 655 1436 Tiberii
695 1384 909 1435 iudiciis
950 1384 1027 1435 ita
1064 1384 1371 1436 insuevisse
1410 1393 1469 1435 ut
1511 1401 1636 1451 spes
1667 1393 1905 1452 votaque

167 1488 266 1523 sua
302 1480 413 1522 non
451 1471 602 1538 prius
640 1472 709 1522 ad
749 1472 880 1521 deos
921 1488 1083 1538 quam
1123 1472 1192 1522 ad
1230 1471 1539 1538 principum
1579 1488 1738 1521 aures
1784 1488 1906 1522 con-

165 1549 348 1609 ferret.
429 1558 628 1624 Neque
666 1557 938 1624 fulgorem
978 1558 1248 1608 honorum
1289 1574 1547 1624 umquam
1587 1565 1903 1624 precatum:
1943 1580 1966 1616 3

60 1683 64 1685 »
111 1713 114 1717 ⁴
167 1643 421 1695 excubias
460 1661 524 1695 ac
563 1644 792 1705 laboreS,
823 1651 883 1694 ut
921 1661 1093 1695 -unum
1131 1661 1161 1694 e
1188 1643 1470 1705 militibus,
1501 1661 1598 1710 pro
1624 1643 1906 1694 incolumi-

166 1737 280 1782 tate
318 1730 662 1797 imperatoris
701 1730 876 1781 malle.
955 1729 1045 1782 Ac
1083 1738 1270 1781 tamen
1302 1731 1446 1797 quod
1475 1730 1902 1796 pulcherrimum
1943 1753 1967 1787 4

87 1837 91 1842 ⁵
166 1817 441 1883 adeptum,
484 1824 544 1867 ut
583 1816 972 1868 coniunctione
1013 1817 1264 1868 Caesaris
1311 1816 1511 1884 dignus
1558 1816 1904 1867 crederetur:

89 1906 92 1910 ’
167 1902 294 1955 hinc
332 1902 549 1953 initium
590 1903 719 1969 spei.

802 1903 875 1953 Et
913 1903 1171 1970 quoniam
1198 1902 1466 1953 audiverit
1497 1902 1819 1969 Augustum
1847 1901 1901 1951 in
1943 1922 1966 1960 5

168 1988 484 2041 collocanda
521 1989 632 2040 filia
671 2006 782 2039 non
823 1989 958 2039 nihil
999 1989 1163 2040 etiam
1204 1990 1272 2040 de
1313 1988 1591 2056 equitibus
1639 1987 1904 2038 Romanis

222 2144 260 2188 5.
289 2136 358 2175 sic
380 2136 645 2183 Herculem,
662 2141 762 2175 etc.:
795 2149 865 2175 see
883 2137 993 2174 Hor-

167 2202 257 2236 ace,
295 2190 369 2229 Od.
403 2191 486 2229 ΙΙΙ.
525 2201 562 2240 3.
599 2191 729 2239 9—16:
771 2192 866 2229 Hac
904 2197 995 2229 arte

166 2245 318 2284 Pollux
353 2251 392 2284 et
420 2258 548 2296 vagus
577 2246 778 2284 Hercules
801 2245 806 2297 Ι
832 2246 995 2284 Enisus

167 2312 282 2338 arces
323 2300 462 2351 attigit
503 2301 656 2350 igneas,
686 2299 692 2349 Ι
730 2301 838 2349 Quos
883 2301 995 2338 inter

167 2355 375 2405 Augustus
394 2355 629 2393 recumbens
654 2353 660 2406 Ι
684 2356 906 2405 Purpureo
936 2355 993 2393 bi-

167 2407 228 2446 bit
254 2422 323 2447 ore
353 2415 508 2448 nectar.
534 2408 540 2462 Ι
566 2410 661 2447 Hac
688 2415 724 2448 te
757 2415 993 2456 merentem,

169 2463 326 2502 Bacche
350 2469 487 2514 pater,
517 2470 613 2502 tuae
638 2463 644 2515 Ι
681 2466 830 2503 Vexere
858 2465 994 2515 tzgrres,

169 2517 342 2558 indocili
369 2519 514 2570 iugum
540 2517 546 2571 Ι
579 2520 683 2558 Collo
711 2520 996 2566 trahentes,—

165 2572 244 2610 lzac
269 2574 484 2622 Quirinus
508 2572 515 2626 Ι
538 2575 699 2612 Martis
728 2575 842 2626 equis
869 2574 995 2613 Ache-

168 2634 289 2666 ronta
308 2630 435 2681 fugit.
463 2629 469 2681 Ι

221 2684 413 2723 melius:
446 2698 515 2724 see
535 2685 570 2724 I.
590 2696 656 2735 43.
682 2696 697 2723 1
723 2698 764 2724 n.

221 2740 495 2789 speraverit:
530 2741 766 2779 contrasted
785 2739 884 2778 with
914 2740 995 2779 dif-

167 2790 326 2832 fideret
345 2793 488 2833 above.

220 2845 260 2886 6.
287 2848 470 2886 statim:
503 2848 579 2894 i.e.,
599 2848 773 2887 without
794 2849 923 2890 effort.

220 2906 492 2952 contemptu
526 2904 702 2942 famae:
741 2903 815 2942 but
849 2903 890 2942 in
925 2903 996 2942 the

165 2954 311 3000 words,
331 2966 440 2994 cum
469 2956 620 3003 laude,
651 2962 742 3004 etc„
763 2957 878 2996 there
909 2958 943 2996 is
971 2970 996 2996 a

166 3006 290 3046 noble
327 3011 561 3060 expression
599 3010 647 3049 of
689 3012 822 3050 desire
870 3011 933 3050 for
971 3025 996 3051 a

118 3080 131 3103 χ
165 3072 278 3100 more
298 3063 477 3113 genuine
498 3065 580 3104 and
595 3066 753 3116 worthy
768 3065 877 3105 fame
892 3066 994 3108 than

165 3113 237 3155 the
255 3117 427 3168 popular
446 3118 548 3167 view
568 3118 616 3169 of
635 3119 883 3170 deification.

1134 2134 1216 2178 39.
1258 2136 1493 2174 muliebri:
1545 2134 1719 2185 relating
1758 2139 1801 2173 to
1840 2134 1907 2172 Li-

1078 2190 1193 2238 villa3
1230 2190 1281 2229 cf.
1303 2191 1337 2229 Ι.
1360 2200 1423 2240 33.
1446 2190 1482 2228 6.

1133 2245 1387 2291 codicillos,
1408 2258 1434 2282 a
1456 2244 1688 2282 memorial.

1134 2300 1279 2338 moris
1312 2329 1321 2338 .
1356 2330 1364 2338 .
1397 2329 1406 2338 .
1438 2299 1588 2338 adire:
1623 2299 1756 2336 Caesar
1784 2298 1908 2336 intro-

1080 2355 1213 2394 duced
1234 2354 1315 2393 this
1335 2354 1514 2404 practice
1533 2353 1659 2404 (Plut.
1687 2353 1795 2391 Caes.
1821 2351 1908 2403 17),

1080 2410 1162 2448 and
1192 2410 1402 2459 Augustus
1431 2421 1534 2447 even
1562 2408 1786 2446 conversed
1810 2407 1908 2444 with

1079 2464 1144 2502 his
1162 2463 1255 2502 wife
1277 2463 1394 2501 Livia
1414 2475 1469 2500 on
1490 2463 1712 2513 important
1731 2460 1910 2511 subjects

1080 2519 1123 2557 in
1142 2518 1317 2568 writing‚
1340 2531 1391 2555 ne
1402 2518 1502 2568 plus
1524 2517 1715 2554 minusve
1735 2517 1910 2566 loquere·

1081 2579 1155 2612 tur
1173 2587 1223 2611 ex
1242 2578 1418 2623 tempore
1443 2572 1576 2622 (Suet.
1607 2571 1687 2609 Oct.
1710 2569 1802 2620 84).

1137 2640 1173 2668 2.
1213 2629 1338 2667 eius:
1390 2627 1546 2666 related
1584 2626 1638 2676 by
1675 2625 1829 2675 synesis
1866 2629 1909 2663 to

1081 2683 1335 2724 codicillos.

1134 2751 1173 2788 4.
1204 2737 1534 2778 coniunctione
1568 2734 1805 2775 Caesaris:
1840 2746 1909 2772 see

1084 2804 1119 2845 7.
1141 2804 1178 2844 3,
1199 2794 1280 2831 and
1302 2793 1385 2830 III.
1409 2803 1471 2840 29.
1494 2801 1528 2842 5.

1137 2858 1172 2900 5.
1204 2849 1260 2887 de
1278 2846 1513 2897 equitibus
1531 2843 1782 2883 Romanis:
1812 2843 1909 2882 Sue·

1081 2903 1219 2942 tonius
1237 2902 1346 2952 (Oct.
1369 2900 1441 2950 63)
1463 2912 1565 2949 says,
1588 2899 1730 2936 multis
1750 2911 1799 2935 ac
1819 2897 1910 2944 diu,

1081 2958 1206 2996 etiam
1221 2970 1270 2995 ex
1283 2955 1460 3006 equestri
1475 2954 1635 2998 ordine,
1647 2953 1910 3002 circumspec-

1080 3012 1134 3050 tis
1163 3009 1473 3049 condicionibus
1486 3022 1503 3052 ‚·
1534 3006 1734 3058 probably
1763 3007 1910 3044 Procu-

1079 3065 1196 3112 leius,
1212 3064 1454 3103 mentioned
1470 3063 1513 3100 in
1529 3062 1599 3100 the
1616 3066 1711 3099 next
1728 3060 1910 3111 chapter,

1079 3132 1163 3160 was
1183 3131 1262 3158 one
1283 3118 1330 3156 of
1344 3118 1474 3156 these.
