2170 3488
102 234 105 241 Δ
177 199 287 245 Μ).
308 198 396 251 ω]
931 188 940 206 ’
963 198 1210 241 ANNALS.
1920 198 2001 242 21³

177 333 384 387 salinus
411 333 631 402 signum
667 351 893 387 aureum
932 336 988 386 in
1028 337 1162 388 aede
1191 336 1390 389 Martis
1419 336 1648 400 Ultoris,
1678 336 1918 391 Caecina

179 419 418 474 Severus
444 437 593 472 aram
618 420 834 474 Ultioni
858 423 1207 474 statuendam
1229 423 1593 486 censuissent,
1618 423 1912 491 prohibuit,

176 506 247 559 ob
268 513 523 558 externas
544 523 610 558 ea
628 506 885 560 victorias
914 508 1116 561 sacrari
1143 508 1419 571 dictitanS,
1443 509 1748 562 domestica
1774 509 1916 562 mala

175 592 402 647 tristitia
445 593 756 660 operienda.
851 594 1160 647 Addiderat
1207 595 1541 648 Messalinus
1585 595 1808 649 Tiberio
1858 603 1913 648 et
1953 620 1978 656 4

175 679 470 749 Augustae
496 688 553 732 et
582 680 863 734 Antoniae
901 689 958 733 et
986 681 1331 749 Agrippinae
1371 683 1664 751 Drusoque
1702 683 1774 736 ob
1804 683 1916 735 vin-

175 767 377 820 dictam
420 766 736 820 Germanici
775 775 960 835 grates
999 770 1242 836 agendas
1288 769 1655 837 omiseratque
1701 769 1915 822 Claudii

174 853 528 906 mentionem.
594 854 667 905 Et
692 854 1052 907 Messalinum
1075 856 1295 923 quidem
1320 856 1381 909 L.
1407 856 1693 924 Asprenas
1716 864 1912 908 senatu
1952 877 1976 917 5

53 927 102 1000 'J
176 956 356 993 coram
383 948 738 1008 percontatus
766 948 852 993 est
880 957 948 992 an
985 942 1226 1009 prudens
1264 942 1654 1010 praeterisset3
1693 959 1757 995 ac
1795 950 1914 994 tum

0 3273 70 3488 m
60 3322 61 3325 Α
13 2541 65 3282 amtssmqm,
56 1926 63 1946 „
53 1074 58 1076 ,
47 1034 51 1039 .

175 1027 396 1079 demum
435 1044 639 1079 nomen
680 1026 893 1079 Claudii
931 1028 1268 1095 adscriptum
1315 1036 1414 1081 est.
1510 1029 1666 1091 Mihi,
1707 1037 1913 1096 quanto
1952 1042 1977 1078 6

173 1113 330 1182 plura
367 1113 673 1166 recentium
714 1130 812 1165 seu
837 1122 1085 1166 veterum
1123 1115 1358 1177 reVOIVO‚
1387 1122 1545 1166 tanto
1581 1114 1756 1183 magis
1783 1114 1915 1166 ludi-

173 1199 292 1253 bria
329 1217 510 1252 rerum
543 1200 860 1252 mortalium
907 1201 1122 1253 cunctis
1162 1201 1217 1252 in
1257 1201 1495 1269 negotiis
1535 1202 1910 1254 obversantur.

175 1286 397 1355 Quippe
422 1286 570 1338 fama
596 1303 694 1354 spe
720 1287 1074 1338 veneratione
1112 1287 1296 1354 potius
1336 1304 1529 1341 omnes
1565 1287 1914 1339 destinaban-
1951 1311 1975 1346 7

172 1379 266 1425 tur
295 1372 524 1441 imperio
562 1390 725 1440 quam
766 1390 926 1441 quem
967 1372 1216 1424 futurum
1256 1372 1558 1440 principem
1596 1373 1820 1425 fortuna
1857 1373 1913 1425 in

172 1459 390 1512 occulto
416 1459 659 1511 tenebat.

246 1545 440 1598 Paucis
467 1553 593 1613 post
629 1545 823 1597 diebus
852 1545 1056 1598 Caesar
1081 1552 1274 1597 auctor
1299 1545 1515 1597 senatui
1553 1545 1659 1597 fuit
1685 1545 1914 1597 Vitellio
1937 1552 1997 1597 19

109 1692 112 1695 Δ
171 1639 339 1700 atque
363 1632 607 1684 Veranio
635 1640 690 1683 et
721 1631 959 1684 Servaeo
982 1632 1288 1683 sacerdotia
1307 1632 1617 1695 tribuendi;
1659 1631 1912 1684 Fulcinio

172 1718 499 1786 suffragium
538 1718 606 1770 ad
644 1718 881 1769 honores
920 1718 1197 1785 pollicitus
1236 1717 1449 1768 monuit
1489 1734 1560 1769 ne
1598 1718 1912 1770 facundiam

169 1804 432 1856 violentia
480 1804 883 1872 praecipitaret.
989 1805 1046 1856 Is
1097 1804 1222 1855 finis
1268 1803 1372 1855 fuit
1419 1803 1734 1855 ulciscenda
1779 1803 1910 1856 Ger·
1950 1829 1975 1855 2

170 1891 372 1944 manici
421 1898 613 1953 morte,
656 1907 767 1942 non
811 1891 975 1942 modo
1019 1891 1164 1958 apud
1209 1890 1331 1941 illos
1371 1890 1622 1944 homines
1662 1890 1755 1957 qui
1792 1897 1910 1942 tum

169 1978 423 2046 agebant,
454 1977 620 2029 etiam
649 1977 854 2029 secutis
880 1977 1221 2044 temporibus
1249 1976 1397 2027 vario
1436 1993 1652 2028 rumore
1691 1976 1905 2029 iactata.

169 2063 332 2116 Adeo
370 2063 607 2115 maxima
645 2080 892 2132 quaeque
930 2063 1187 2131 ambigua
1226 2070 1370 2124 sunt,
1401 2063 1529 2114 dum
1569 2062 1661 2114 alii
1691 2079 1908 2131 quoquo
1947 2088 1972 2125 3

169 2151 331 2202 modo
369 2150 556 2203 audita
593 2167 691 2217 pro
730 2149 1028 2217 compertis
1069 2150 1291 2211 habent,
1321 2148 1412 2200 alii
1438 2165 1568 2200 vera
1606 2148 1662 2200 in
1702 2157 1912 2202 contra-

168 2341 251 2384 this
278 2354 375 2393 year
398 2341 475 2394 (cf.
497 2351 562 2393 34.
586 2340 658 2394 2);
694 2341 758 2380 for
781 2341 998 2389 Caecina,
1132 2340 1395 2381 sacerdotia
1409 2340 1663 2381 tribuendi:
1685 2340 1756 2380 the
1766 2340 1910 2393 priest-

167 2408 239 2436 see
258 2396 293 2436 I.
315 2407 379 2447 31.
401 2407 438 2436 2.
1076 2395 1212 2435 hoods
1241 2408 1349 2434 were
1382 2408 1480 2446 very
1509 2395 1686 2446 wealthy
1719 2408 1910 2447 corpora-

223 2451 415 2513 signum·
448 2462 669 2491 aureum:
716 2451 781 2490 i.e.
813 2450 861 2490 of
886 2451 999 2490 Mars
1076 2451 1198 2498 tions,
1218 2450 1558 2512 and-additional
1579 2450 1784 2489 members
1802 2463 1911 2489 were

168 2505 326 2611 {2322
345 2506 453 2599 ,5¹22
472 2505 794 2612 {ffsshti'ssioefftss}
813 2506 997 2599 339253-
1076 2505 1415 2611 ἓῗῖἓέἓῗέἑῗᾱ
1434 2510 1478 2544 ‘⁰
1497 2505 1612 2544 ‘hem
1632 2504 1694 2543 Μ
1714 2505 1785 2544 the
1808 2505 1910 2544 ΒΜ

169 2627 291 2667 peror
309 2615 416 2654 from
435 2628 460 2654 a
479 2614 774 2667 praiseworthy
794 2614 961 2666 feeling.
1131 2614 1467 2666 praecipitaret,
1488 2614 1610 2654 ruin.
1652 2634 1654 2636 ·

223 2670 283 2709 ob
303 2676 531 2717 externas,
551 2674 653 2710 etc.:
682 2669 754 2709 the
773 2682 887 2709 same
907 2682 998 2708 sen·
1132 2680 1169 2709 2.
1200 2669 1472 2708 ulciscenda
1504 2697 1513 2706 .
1556 2698 1566 2708 .
1607 2698 1617 2708 .
1650 2674 1824 2709 morte:
1846 2680 1910 2707 we

168 2723 317 2766 timent
344 2737 390 2764 as
414 2725 506 2764 that
523 2724 660 2764 which
682 2724 854 2764 forbade
880 2737 905 2763 a
930 2723 998 2763 tri·
1075 2723 1226 2763 should
1254 2729 1400 2775 expect
1419 2723 1518 2761 here
1538 2723 1610 2761 the
1639 2722 1775 2762 dative
1805 2722 1910 2762 after

169 2779 298 2831 umph
318 2779 381 2818 for
399 2779 554 2830 victory
573 2779 616 2818 in
636 2792 662 2818 a
680 2778 775 2818 civil
793 2792 889 2818 war.
1078 2778 1199 2818 finis.
1257 2777 1381 2817 Some
1402 2777 1580 2816 editions
1600 2777 1725 2815 insert
1746 2777 1808 2816 in.

221 2845 261 2883 4.
298 2834 519 2873 omiserat
548 2864 557 2872 .
589 2863 599 2873 .
630 2863 640 2873 .
670 2834 960 2873 mentionem
985 2847 995 2871 :
1131 2844 1228 2871 non
1264 2833 1421 2879 modo,
1456 2837 1557 2871 etc.:
1603 2831 1778 2881 belongs
1809 2830 1908 2869 with

169 2899 226 2927 on
244 2894 422 2928 account
437 2888 484 2927 of
498 2888 563 2927 his
582 2887 745 2939 alleged
760 2887 997 2938 imbecility.
1077 2887 1267 2934 iactata;
1312 2886 1385 2924 sed
1417 2886 1452 2925 is
1484 2886 1739 2925 understood
1765 2884 1908 2925 before

224 2952 262 2995 5.
290 2949 391 2983 tum
412 2944 619 2990 demum,
640 2948 713 2981 not
729 2942 847 2981 until
861 2942 968 2981 then.
1076 2942 1233 2981 etiam.

225 3006 262 3048 7.
291 3009 458 3048 quem:
490 2997 698 3037 Claudius.
1131 2997 1357 3046 agebant:
1389 3007 1458 3034 see
1479 2995 1512 3034 Ι.
1535 2993 1599 3034 68.
1625 3004 1640 3032 1
1666 3007 1707 3033 n.

223 3049 306 3095 19.
345 3058 508 3092 auctor
538 3052 647 3092 fuit:
695 3051 759 3092 i.e.
787 3050 842 3091 he
874 3051 998 3091 made
1131 3060 1170 3101 3.
1201 3051 1314 3090 dum
1334 3066 1374 3084 =
1395 3049 1520 3097 since,
1535 3061 1581 3088 as
1600 3048 1714 3089 often
1732 3047 1773 3088 in
1788 3047 1907 3088 Taci-

167 3105 239 3145 the
258 3106 531 3147 nomination.
1075 3109 1155 3145 tus.
