2170 3488
185 205 296 245 A.D.
317 202 406 257 24.]

972 206 1219 248 ANNALS.

185 346 398 407 partem
437 339 706 391 bonorum
744 339 1145 406 publicandam,
1175 358 1301 409 pars
1337 349 1399 393 ut
1437 341 1624 394 liberis
1662 342 1929 410 relinque-

185 434 338 479 retur
375 433 680 478 censuerat.

760 426 971 479 Contra
1011 426 1103 479 M’.
1138 428 1381 495 Lepidus
1421 436 1672 496 quartam
1711 442 1928 481 accusa4
1966 453 1990 490 3

183 512 396 566 toribus
443 513 746 588 secundum
792 513 1260 565 necessitudinem
1305 514 1460 581 legiS,
1508 522 1694 566 cetera
1743 515 1929 567 liberis

184 597 472 653 concessit.

555 599 724 650 Hunc
751 614 855 666 ego
885 599 1157 666 Lepidum
1184 600 1528 667 temporibus
1555 601 1663 652 illis
1702 618 1925 669 gravem
1966 625 1993 662 4

184 694 239 739 et
267 685 576 752 sapientem
603 683 782 736 virum
808 683 982 737 fuisse
1018 686 1356 753 comperior:
1396 704 1522 738 nam
1563 687 1822 755 pleraque
1861 689 1930 740 ab

184 771 363 825 saevis
408 769 815 822 adulationibus
861 771 1089 823 aliorum
1136 772 1194 823 in
1239 773 1435 824 melius
1482 773 1646 826 flexit.

1730 775 1928 842 Neque

183 867 369 911 tamen
390 856 818 924 temperamenti
841 858 1054 925 egebat,
1079 875 1204 910 cum
1225 859 1496 927 aequabili
1517 860 1847 912 auctoritate
1874 869 1930 912 et

183 944 360 1014 gratia
397 944 541 1011 apud
580 943 866 995 Tiberium
904 944 1157 1012 viguerit.

1251 945 1419 997 Unde
1465 945 1716 998 dubitare
1763 964 1929 1014 cogor
1967 968 1990 1007 5

182 1031 299 1083 fato
327 1038 383 1082 et
411 1037 560 1082 sorte
586 1029 865 1092 nascendi,
887 1037 947 1081 ut
976 1038 1173 1093 cetera,
1205 1031 1283 1083 ita
1309 1032 1618 1099 principum
1646 1032 1929 1084 inclinatio

184 1118 242 1169 in
268 1117 384 1178 hos,
409 1115 644 1168 offensio
671 1116 728 1167 in
755 1116 892 1178 illos,
923 1133 990 1168 an
1022 1117 1093 1169 sit
1121 1117 1321 1185 aliquid
1351 1118 1407 1169 in
1436 1118 1639 1170 nostris
1668 1119 1927 1181 consiliis,

183 1204 458 1270 liceatque
485 1202 631 1253 inter
658 1203 947 1270 abruptam
977 1204 1380 1256 contumaciam
1408 1212 1462 1255 et
1496 1205 1745 1256 deforme
1780 1206 1933 1257 obse-

185 1289 373 1358 quium
400 1305 632 1356 pergere
665 1288 770 1340 iter
795 1290 1097 1341 ambitione
1133 1307 1196 1342 ac
1235 1290 1491 1357 periculis
1518 1308 1765 1342 vacuum.
1845 1291 1927 1342 At
1968 1305 1992 1340 6

187 1375 521 1429 Messalinus
545 1375 712 1427 Cotta
737 1375 883 1427 haud
911 1375 1093 1428 minus
1116 1376 1276 1428 claris
1297 1376 1609 1438 maioribuS,
1631 1378 1727 1429 sed
1749 1377 1930 1428 animo

185 1463 449 1524 diversuS,
480 1461 697 1514 censuit
737 1463 1043 1514 cavendum
1083 1470 1309 1514 senatus
1350 1463 1618 1524 consult0,
1649 1471 1709 1514 ut
1749 1481 1932 1531 quam-

186 1566 349 1618 quam
400 1548 652 1600 insontes
703 1548 1061 1616 magistratus
1113 1557 1168 1600 et
1233 1549 1425 1616 culpae
1488 1550 1699 1601 alienae
1758 1551 1931 1601 nescii

185 1634 614 1703 provincialibus
665 1651 894 1686 uxorum
946 1634 1268 1687 criminibus
1319 1634 1549 1703 proinde
1600 1653 1764 1704 quam
1816 1636 1930 1687 suis

54 1705 58 1708 ⁴
110 1712 112 1714 ’
185 1722 575 1790 plecterentur.

258 1808 469 1861 Actum
508 1806 708 1859 dehinc
747 1808 816 1859 de
857 1806 1155 1875 Calpurnio
1196 1807 1409 1870 Pisone,
1451 1808 1622 1860 nobili
1659 1826 1723 1861 ac
1761 1809 1931 1860 feroci
1953 1814 2013 1859 21

396 1895 453 1946 Is
492 1910 744 1962 namque,
774 1901 836 1945 ut
875 1894 1078 1956 rettuli,
1118 1911 1402 1946 cessurum
1444 1911 1504 1946 se
1543 1896 1679 1946 urbe
1718 1896 1787 1946 ob
1824 1895 1931 1946 fac—

185 1895 315 1948 viro,

186 1981 367 2033 tiones
394 1988 776 2033 accusatorum
804 1980 862 2031 in
890 1988 1087 2032 senatu
1115 1979 1490 2032 clamitaverat
1523 1990 1578 2032 et
1618 1988 1806 2048 spreta
1842 1998 1932 2048 po-

186 2068 365 2119 tentia
407 2067 702 2134 Augustae
747 2067 966 2118 trahere
1013 2067 1067 2117 in
1115 2067 1200 2118 ius
1250 2067 1613 2135 Urgulaniam
1658 2068 1931 2135 domoque

187 2153 449 2222 principis
477 2153 655 2205 excire
681 2169 849 2204 ausus
877 2160 1007 2204 erat.

1090 2153 1249 2221 Quae
1287 2153 1343 2203 in
1384 2170 1645 2220 praesens
1672 2154 1929 2205 Tiberius
1971 2178 1995 2203 2

189 2240 423 2293 civiliter
447 2239 676 2302 habuit;
715 2240 814 2291 sed
852 2238 909 2290 in
948 2238 1132 2290 animo
1170 2239 1488 2291 revolvente
1527 2239 1649 2301 iras,
1680 2239 1846 2291 etiam
1887 2240 1932 2291 si

189 2326 428 2394 impetus
467 2325 794 2378 offensionis
831 2325 1137 2393 languerat,
1174 2326 1438 2377 memoria
1475 2326 1705 2378 valebat.

192 2502 196 2504 ’
245 2516 282 2558 3.
314 2507 394 2546 Μ’.
416 2505 649 2557 Lepidus:
683 2504 735 2544 cf.
755 2505 839 2545 ΙΙΙ.
862 2514 926 2558 50.
951 2516 984 2545 1.

244 2567 480 2612 quartam:
513 2573 564 2599 sc.
594 2566 795 2611 partem;
831 2560 913 2599 this
935 2573 1019 2599 was

189 2616 260 2655 the
280 2615 440 2666 regular
459 2614 577 2653 share
607 2614 655 2653 of
679 2614 750 2653 the
780 2627 946 2653 accuser
964 2615 1019 2665 by

189 2670 261 2710 the
279 2670 346 2708 lex
365 2669 604 2708 maiestatis.

243 2736 282 2774 4.
316 2724 560 2776 pleraque:
611 2723 667 2762 he
710 2723 910 2763 obtained
946 2723 1017 2762 the

190 2779 422 2829 mitigation
438 2778 485 2817 of
495 2790 619 2829 many
628 2776 868 2828 judgments
881 2778 1017 2816 which

191 2833 262 2872 the
282 2833 479 2872 flatterers
502 2833 549 2872 of
573 2833 644 2872 the
674 2845 862 2884 emperor
880 2832 1018 2872 would

191 2887 296 2927 have
315 2889 438 2927 made
456 2900 570 2926 more
590 2899 744 2926 severe.

246 2954 398 2993 neque
431 2972 441 2981 .
473 2972 482 2981 .
514 2972 523 2981 .
555 2943 736 2993 egebat,
769 2941 818 2980 ke
847 2941 939 2980 had
966 2955 1019 2980 no

193 2996 299 3036 need
319 3003 356 3035 to
381 2996 542 3036 control
563 2997 739 3049 himself,
760 2995 954 3047 enjoying
974 3008 1020 3035 as

192 3050 246 3090 he
266 3051 339 3090 did
356 3051 428 3090 the
448 3051 563 3090 favor
582 3050 630 3089 of
653 3051 725 3090 the
745 3051 900 3102 prince.

247 3105 491 3163 aequabili,
509 3105 660 3159 steady.

1787 2327 1827 2377 P
1831 2326 1931 2378 iSo-
1970 2350 1994 2387 3

1160 2515 1197 2558 5.
1226 2505 1387 2546 liceat:
1422 2505 1485 2545 i.e.
1504 2506 1560 2556 by
1586 2506 1810 2545 discretion
1834 2505 1935 2558 (ali-

1103 2561 1217 2611 quid
1251 2561 1299 2599 in
1331 2562 1508 2600 nostris
1542 2559 1792 2611 consiliis).
1856 2561 1936 2599 For

1101 2615 1282 2653 Tacitus'
1322 2615 1496 2654 attitude
1539 2628 1595 2653 on
1633 2615 1825 2662 fatalism‚
1865 2627 1935 2654 see

1102 2669 1177 2708 VI.
1209 2680 1273 2708 22.

1155 2723 1195 2762 6.
1224 2735 1421 2763 uxorum
1442 2724 1741 2763 criminibus:
1774 2736 1844 2762 see
1864 2723 1935 2762 the

1102 2778 1360 2830 proposition
1389 2778 1436 2816 of
1469 2778 1644 2825 Caecina,
1677 2778 1758 2816 III.
1789 2788 1853 2828 33.
1887 2788 1927 2825 1;

1102 2833 1185 2872 this
1217 2833 1302 2872 had
1335 2833 1514 2884 perhaps
1547 2833 1655 2871 been
1686 2833 1935 2871 occasioned

1102 2888 1156 2938 by
1171 2887 1433 2926 observation
1453 2887 1500 2925 of
1515 2887 1585 2925 the
1607 2887 1935 2926 administration

1103 2941 1151 2980 of
1167 2942 1300 2988 Silius,
1320 2941 1415 2979 who
1434 2954 1518 2980 was
1536 2941 1579 2979 in
1599 2941 1663 2980 his
1682 2954 1781 2980 near
1796 2940 1934 2991 neigh-

1102 2996 1303 3034 borhood.

1159 3048 1241 3092 21.
1282 3056 1333 3089 ut
1353 3050 1529 3089 rettuli:
1563 3062 1631 3088 see
1652 3050 1711 3088 ΙΙ.
1735 3060 1797 3100 34.
1823 3060 1856 3089 1.

1159 3115 1197 3144 2.
1226 3104 1516 3145 revolvente:
1550 3116 1594 3143 as
1614 3117 1639 3143 a
1658 3104 1786 3145 habit.

1934 206 2014 249 287
