2170 3488
31 202 34 203 ⁷
150 218 259 260 A.D.
283 217 370 272 19.]

936 216 1185 259 ANNALS.
1901 214 1978 257 183

151 355 399 407 mitteret
444 354 705 415 animum,
746 370 856 405 neu
895 370 1150 422 regressa
1194 353 1250 405 in
1296 353 1490 406 urbem
1527 353 1896 407 aemulatione

150 441 432 509 potentiae
469 440 762 492 validiores
802 440 1058 492 irritaret.
1136 440 1294 492 Haec
1340 440 1520 508 palam
1565 448 1622 492 et
1665 439 1773 491 alia
1815 455 1895 491 se·
1934 463 1958 489 2

151 535 316 589 cret0,
346 543 446 594 per
471 543 611 594 quae
637 526 930 577 ostendere
958 526 1286 578 credebatur
1311 534 1521 577 metum
1549 543 1618 577 ex
1654 525 1891 577 Tiberio.

153 612 351 681 Neque
379 613 553 664 multo
581 620 707 680 post
735 612 1121 680 exstinguitur,
1151 612 1367 680 ingenti
1392 612 1546 664 luctu
1584 611 1897 679 provinciae

152 708 208 753 et
247 698 754 752 circumiacentium
793 699 1133 766 populorum.
1212 698 1506 751 Indoluere
1544 706 1766 750 exterae
1805 714 1896 749 na·
1934 719 1958 758 3

62 815 83 846 ·.
151 786 332 838 tiones
361 802 630 853 regesque
652 803 662 836 :
689 792 848 836 tanta
873 785 950 835 illi
978 785 1208 837 comitas
1235 784 1292 836 in
1314 785 1507 846 sociOS,
1532 783 1898 836 mansuetudo

10 1313 46 1793 “ff-Waffilfflfsssszoem
14 1283 38 1290 ἶ
18 1219 30 1226 ‘-
14 1181 19 1195 ⁰
29 1117 32 1122 .
23 1024 29 1034 1

70 1411 74 1413 ,
69 1378 82 1381 ,
70 1307 72 1310 ,
66 1108 67 1111 Α
67 1064 69 1068 -

158 2307 391 2358 foreseeing
409 2308 484 2346 her
504 2307 723 2346 ambitious
743 2307 924 2358 designs.

69 865 74 870 ⁵
152 873 208 924 in
235 872 411 924 hostis
436 889 448 935 ;
485 871 717 939 visuque
744 879 800 922 et
827 871 1019 922 auditu
1046 871 1199 923 iuxta
1223 871 1570 933 venerabiliS,
1601 887 1725 922 cum
1752 885 1899 938 mag-

79 1021 87 1028 .
153 958 462 1010 nitudinem
514 965 570 1009 et
621 957 951 1025 gravitatem
1006 974 1255 1009 summae
1304 957 1561 1009 fortunae
1616 956 1895 1019 retineret,

153 1045 414 1097 invidiam
443 1051 498 1096 et
526 1043 896 1111 arrogantiam
924 1043 1212 1111 effugerat.

229 1132 421 1182 Funus
461 1130 579 1182 sine
618 1130 951 1197 imaginibus
991 1138 1046 1181 et
1087 1147 1289 1197 pompa
1326 1147 1424 1197 per
1460 1130 1649 1181 laudes
1688 1147 1752 1182 ac
1793 1145 1902 1181 me·
1923 1134 1983 1180 73

155 1217 382 1269 moriam
420 1216 685 1268 virtutum
726 1216 844 1268 eius
883 1216 1097 1268 celebre
1135 1216 1256 1268 fuit.
1353 1217 1427 1267 Et
1467 1223 1623 1267 erant
1662 1215 1754 1284 qui
1791 1215 1899 1267 for-
1938 1238 1962 1264 2

74 1323 81 1355 2
154 1321 298 1355 mam
351 1311 590 1354 aetatem
636 1319 811 1369 genus
858 1301 1050 1352 mortis
1096 1301 1166 1351 ob
1218 1302 1686 1370 propinquitatem
1732 1301 1899 1353 etiam

155 1389 400 1441 locorum
429 1388 483 1439 in
518 1387 718 1455 quibus
757 1388 982 1450 interiit,
1013 1389 1200 1456 magni
1236 1388 1539 1439 Alexandri
1576 1388 1708 1440 fatis
1747 1389 1900 1440 adae-

155 1482 400 1543 quarent.
470 1475 615 1526 Nam
643 1482 937 1542 utrumque
966 1491 1192 1542 corpore
1213 1475 1427 1536 decoro,
1451 1491 1652 1542 genere
1672 1474 1894 1542 insigni,
1938 1496 1962 1534 3

155 1561 301 1613 haud
340 1561 573 1612 multum
613 1561 841 1628 triginta
878 1578 1054 1612 annos
1094 1577 1394 1628 egressum,
1424 1578 1646 1612 suorum
1686 1560 1899 1613 insidiis

65 1685 78 1700 ;
109 1719 112 1722 Δ
157 1655 413 1700 externas
452 1647 600 1698 inter
637 1655 835 1715 gentes
874 1647 1175 1699 occidisse:
1216 1648 1313 1699 sed
1352 1648 1499 1699 hunc
1538 1648 1730 1699 mitem
1770 1664 1902 1715 erga

58 1731 78 1774 '1
155 1734 376 1796 amiCOS,
417 1733 693 1786 modicum
743 1733 1108 1800 voluptatum,
1152 1751 1263 1785 uno
1315 1733 1679 1795 matrimonio,
1733 1733 1900 1785 certis

70 1844 74 1858 2
154 1820 342 1872 liberis
370 1820 566 1888 egisse,
596 1836 775 1888 neque
803 1820 984 1872 minus
1017 1818 1415 1887 proeliatorem,
1445 1820 1610 1871 etiam
1650 1819 1697 1872 si
1734 1827 1903 1872 teme-

74 1941 79 1949 .
156 1906 289 1958 ritas
324 1906 533 1958 'afuerit
578 1906 1040 1974 praepeditusque
1086 1907 1156 1958 sit
1202 1906 1482 1973 perculsas
1527 1913 1611 1958 tot
1655 1905 1901 1958 victoriis

77 2048 80 2052 ,
158 1992 485 2045 Germanias
536 1992 762 2044 servitio
813 2009 1078 2059 premere.

71 2126 80 2131 .
157 2095 354 2141 rerum,
386 2079 432 2131 si
459 2079 576 2130 iure
607 2086 663 2130 et
702 2079 927 2130 nomine
965 2079 1117 2147 regio
1154 2079 1368 2142 fuisset,
1397 2086 1555 2130 tanto
1594 2077 1901 2146 promptius

1185 1993 1348 2060 Quod
1399 1992 1446 2044 si
1496 1992 1646 2044 solus
1696 1991 1902 2044 arbiter
1939 2017 1963 2052 ⁴

212 2252 527 2293 aemulatione
564 2252 826 2305 potentiae:
877 2264 923 2292 as
962 2251 998 2291 if
1070 2252 1142 2291 the
1170 2252 1314 2300 house,
1334 2252 1418 2292 and
1445 2264 1566 2299 were,
1586 2250 1807 2299 therefore,
1831 2256 1906 2291 not

1069 2307 1168 2346 with
1197 2307 1303 2355 him;
1344 2307 1415 2346 the
1444 2306 1686 2359 procession
1714 2306 1800 2346 also
1834 2319 1906 2359 ap·

214 2372 251 2401 2.
275 2362 455 2412 ingenti
475 2362 627 2401 luctu:
662 2362 883 2401 Suetonius
903 2374 994 2412 says

162 2416 319 2468 (Caliga
356 2417 419 2469 5),
454 2430 532 2468 quo
570 2416 788 2469 defunctus
825 2422 882 2454 est
914 2416 993 2463 die,

76 2471 85 2477 '
157 2470 349 2522 lapidata
406 2477 507 2510 sunt
560 2471 724 2522 templa,
780 2471 995 2509 subversae

158 2525 281 2564 deum
337 2539 454 2572 arae,
474 2547 528 2553 —
548 2525 619 2564 the
680 2525 855 2577 temples
911 2526 995 2565 and

158 2579 281 2619 altars
301 2579 348 2619 of
363 2580 433 2619 the
455 2580 612 2632 pitiless
631 2580 748 2631 gods.

214 2645 252 2686 3.
281 2635 543 2674 indoluere:
580 2634 801 2674 Suetonius
835 2633 994 2686 (Caliga

32 2668 39 2675 Α
85 2699 87 2701 ’
160 2688 206 2742 5)
248 2702 351 2740 says,
390 2690 547 2741 regulos
589 2689 784 2741 quosdam
823 2689 994 2728 barbam

161 2745 344 2795 posuisse
376 2750 415 2783 et
448 2757 632 2784 uxorum
664 2745 804 2795 capita
833 2745 994 2791 rasisse,

74 2791 83 2817 ἶ
160 2797 223 2836 ad
231 2798 443 2838 indicium
462 2800 648 2838 maximi
667 2800 802 2838 luctus
815 2812 831 2838 .·
852 2812 994 2851 regam

26 2855 97 2910 sss}
159 2853 286 2891 etiam
302 2866 432 2905 regem
451 2859 490 2892 et
499 2855 796 2893 exercitatione
807 2854 996 2893 venandi

83 2914 89 2925 ²
102 2907 111 2915 ⁴
159 2912 198 2946 et
222 2908 412 2947 convictu
434 2910 709 2960 megistanum
737 2909 994 2956 abstinuisse,

0 3016 1 3028 ἵ
27 2959 29 2998 Ϊ
159 2962 272 3014 quod
279 2963 401 3014 apud
409 2964 585 3002 Parthos
601 2964 758 3002 iustitii
774 2964 914 3001 instar
928 2967 993 3003 est.

216 3014 296 3059 73.
330 3017 432 3056 sine
441 3017 728 3068 imaginibus
741 3024 786 3057 et
798 3029 992 3069 pompa:

159 3069 230 3110 the
266 3071 483 3123 imagines,
513 3085 559 3111 or
586 3085 676 3111 wax
703 3072 818 3111 busts
850 3072 898 3110 of
921 3085 992 3111 an-

36 3104 91 3165 ··ζ
161 3129 328 3174 cestorS,
347 3138 455 3165 were
475 3126 578 3178 kept
605 3126 649 3166 in
672 3126 744 3166 the
764 3127 930 3166 atrium
950 3124 999 3167 of

1070 2374 1191 2414 pears
1211 2367 1254 2400 to
1274 2362 1379 2400 have
1401 2362 1510 2400 been
1530 2361 1717 2400 omitted.

1128 2427 1165 2456 2.
1195 2417 1255 2455 ob
1312 2416 1734 2468 propinquitatem:
1800 2415 1906 2454 hun-

1072 2471 1195 2510 dreds
1226 2470 1273 2509 of
1300 2471 1419 2509 miles
1453 2476 1583 2522 apart,
1612 2470 1687 2509 but
1720 2469 1829 2509 alike
1862 2469 1907 2508 in

1072 2525 1143 2564 the
1164 2525 1224 2564 far
1245 2531 1343 2564 east.

1125 2580 1289 2630 magni
1326 2579 1602 2619 Alexandri:
1645 2578 1699 2617 he
1734 2578 1832 2618 died
1864 2582 1908 2618 at

1073 2634 1272 2685 Babylon,
1293 2644 1372 2674 B.C.
1403 2645 1495 2684 323,
1519 2634 1628 2684 aged
1656 2632 1900 2684 thirty-two;

1073 2689 1344 2728 Germanicus
1382 2702 1465 2728 was
1507 2688 1780 2739 thirty-three.
1856 2687 1908 2726 In

1072 2745 1142 2783 the
1181 2757 1276 2783 case
1315 2743 1363 2783 of
1394 2744 1644 2790 Alexander,
1676 2747 1761 2789 too,
1790 2741 1907 2781 there

1071 2812 1154 2839 was
1173 2799 1383 2851 suspicion
1405 2799 1453 2838 of
1467 2798 1629 2850 poison.

1128 2864 1166 2904 3.
1193 2854 1370 2901 mitem,
1388 2859 1490 2892 etc.:
1521 2865 1546 2891 a
1564 2857 1708 2902 strong
1726 2854 1908 2890 contrast

1071 2908 1171 2947 with
1208 2909 1480 2948 Alexander’s
1516 2906 1688 2957 ferocity
1725 2905 1810 2944 and
1846 2905 1907 2944 in-

1071 2968 1351 3015 temperance.

1126 3018 1277 3064 certis,
1299 3017 1534 3068 legitimate.

1125 3072 1423 3124 praepeditus
1445 3070 1530 3110 sit:
1561 3069 1662 3108 with
1680 3068 1753 3108 the
1772 3068 1907 3108 infini-

1069 3126 1166 3175 tive,
1186 3126 1289 3166 after
1308 3126 1379 3165 the
1400 3125 1578 3176 analogy
1596 3124 1643 3163 of
1659 3123 1869 3176 prohibeo.
