2170 3488
132 216 213 258 262

136 1482 196 1527 73

157 1845 182 1871 2
220 1820 580 1872 minitaretur.

929 214 1186 255 TACITUS.

1698 214 1851 267 [Boox
1878 217 1963 258 ΙΙΙ.

217 352 448 405 hostiles
475 351 698 404 exuvias
729 358 825 402 aut
864 349 1196 402 exundantis
1235 367 1368 417 opes
1407 358 1663 402 ornatum
1702 352 1771 402 ad
1809 351 1962 404 urbis

156 463 179 499 3
220 447 276 490 et
303 446 586 506 posterum
613 436 842 504 gloriam
871 436 1135 488 conferre.

1218 436 1343 504 Quo
1370 444 1489 488 tum
1526 437 1775 503 exemplo
1805 437 1964 504 Lepi-

217 526 335 587 dus,
358 541 688 592 quamquam
710 523 978 590 pecuniae
1000 523 1265 584 modicus,
1289 523 1495 574 avitum
1518 523 1685 574 decus
1712 523 1957 576 recoluit.

155 637 181 672 4
220 611 303 663 At
332 610 557 678 Pompei
596 610 874 661 theatrum
915 609 1044 677 igne
1082 609 1314 660 fortuito
1353 609 1613 660 haustum
1648 609 1854 661 Caesar
1878 626 1964 661 ex-

218 705 557 750 structurum
585 695 863 764 pollicitus
890 703 991 757 est,
1015 712 1079 746 eo
1107 696 1252 762 quod
1280 712 1443 747 nemo
1471 712 1500 746 e
1526 695 1735 747 familia
1760 703 1964 747 restau-

218 785 388 836 rando
416 783 709 843 sufficeret,
733 790 994 833 manente
1015 790 1203 833 tamen
1226 781 1448 833 nomine
1478 781 1717 848 Pompei.

1786 782 1961 834 Simul

216 870 468 922 laudibus
498 869 761 921 Seianum
798 868 1009 930 extulit,
1038 876 1319 936 tamquam
1358 867 1543 919 labore
1568 867 1963 936 vigilantiaque

155 979 179 1018 5
221 957 338 1009 eius
376 963 533 1008 tanta
567 955 648 1007 vis
689 973 860 1006 unum
900 954 1044 1006 intra
1082 955 1343 1006 damnum
1383 954 1646 1006 stetisset.

1727 955 1803 1005 Et
1842 971 1964 1006 cen-

220 1060 378 1096 suere
406 1051 590 1110 patres
619 1041 857 1109 effigiem
893 1041 1110 1103 SeianO,
1141 1058 1280 1108 quae
1320 1041 1465 1108 apud
1503 1041 1782 1092 theatrum
1812 1041 1964 1092 Pom-

157 1144 181 1179 6
219 1130 308 1197 pei
339 1129 625 1181 locaretur.

707 1129 904 1196 Neque
942 1128 1116 1179 multo
1156 1135 1280 1194 post
1322 1127 1541 1189 Caesar,
1573 1144 1698 1179 cum
1739 1127 1961 1179 Iunium

220 1217 476 1268 Blaesum
504 1232 603 1282 pro
633 1215 860 1267 consule
886 1214 1115 1266 Africae
1153 1214 1419 1281 triumphi
1457 1213 1768 1281 insignibus
1807 1213 1963 1265 attol-

219 1303 372 1364 leret,
403 1303 532 1353 dare
559 1302 614 1352 id
642 1318 701 1352 se
729 1301 865 1351 dixit
892 1300 1087 1352 honori
1117 1300 1318 1362 Seiani,
1348 1300 1503 1351 cuius
1530 1299 1621 1351 ille
1656 1299 1961 1373 avunculus

219 1396 348 1440 erat.

429 1388 517 1440 Ac
545 1396 731 1439 tamen
758 1404 846 1438 res
875 1387 1058 1438 Blaesi
1085 1386 1283 1454 dignae
1310 1388 1507 1438 decore
1533 1386 1631 1437 tali
1657 1386 1825 1438 fuere.

291 1476 435 1526 Nam
475 1474 813 1535 TacfarinaS,
854 1490 1182 1541 quamquam
1229 1473 1447 1540 saepius
1493 1472 1771 1540 depulsus,
1813 1489 1964 1540 repa·

218 1562 350 1613 ratis
390 1578 488 1628 per
525 1561 719 1612 intima
757 1560 983 1612 Africae
1022 1560 1235 1611 auxiliis
1275 1560 1382 1611 huc
1422 1559 1765 1626 arrogantiae
1801 1575 1964 1610 vene-

218 1656 302 1700 rat
328 1656 388 1699 ut
415 1648 628 1715 legatos
655 1648 723 1698 ad
750 1646 1034 1698 Tiberium
1060 1646 1309 1697 mitteret
1338 1646 1635 1713 sedemque
1673 1645 1817 1696 ultro
1857 1645 1961 1697 sibi
2036 1696 2040 1699 ,
2094 1630 2124 1691 ³2..

218 1742 383 1803 atque
415 1733 679 1785 exercitui
718 1750 817 1784 suo
856 1733 1174 1800 postularet,
1205 1740 1299 1783 aut
1338 1731 1539 1783 bellum
1583 1731 1961 1798 inexplicabile

681 1820 810 1870 Non
849 1820 981 1870 alias
1020 1819 1196 1886 magis
1240 1836 1338 1870 sua
1382 1818 1677 1885 populique
1723 1817 1960 1869 Romani
2100 1883 2102 1886 y

217 1907 554 1960 contumelia
591 1906 893 1958 indoluisse
933 1906 1228 1958 Caesarem
1267 1905 1454 1956 ferunt
1491 1922 1655 1972 quarn
1692 1905 1839 1972 quod
1873 1905 1962 1956 de·
2039 1940 2042 1941 ν
2103 1903 2110 1930 5

155 2018 179 2055 3
220 2002 398 2046 sertor
442 2001 497 2044 et
543 1994 748 2060 praedo
794 1992 1039 2044 hostium
1085 2009 1237 2043 more
1277 1999 1478 2059 ageret.

1561 1991 1649 2042 Ne
1696 1990 1960 2058 Spartaco

217 2080 437 2148 quidem
465 2088 591 2146 post
618 2087 702 2130 tot
730 2078 1099 2131 consularium
1129 2078 1469 2129 exercituum
1508 2077 1690 2129 clades
1730 2076 1959 2128 inultam

215 2262 241 2289 a
259 2249 432 2297 theatre‚
445 2248 569 2288 while
589 2248 804 2300 Philippus
823 2249 1007 2288 restored
1023 2261 1047 2287 a

215 2303 368 2356 temple
389 2303 436 2342 of
452 2303 658 2342 Hercules
676 2302 811 2355 (Suet.
834 2303 914 2342 Oct.
937 2302 1027 2354 29).

269 2365 512 2410 posterum
523 2372 536 2404 ⁴:
569 2357 748 2408 genitive
768 2357 913 2409 plural.
1002 2375 1005 2378 ·

271 2423 308 2464 3.
342 2412 568 2464 pecuniae
599 2412 838 2451 modicus:
874 2411 925 2451 cf.
957 2412 1047 2450 ino-

215 2473 314 2520 pem
335 2468 417 2506 and
428 2473 637 2518 paternas
656 2467 884 2518 angustias,
906 2477 969 2517 32.
992 2477 1029 2506 2.

270 2522 450 2561 avitum
505 2522 649 2561 decus
675 2536 684 2559 :
744 2521 796 2560 cf.
849 2521 1049 2560 Aemilia

215 2583 524 2616 monumenta
561 2576 692 2615 above
710 2590 721 2624 ;
772 2576 842 2614 the
880 2575 1049 2614 basilica

214 2644 298 2670 was
315 2631 419 2670 built
437 2631 491 2681 by
511 2631 575 2669 his
595 2630 874 2681 grandfather,
896 2630 1049 2668 Lucius

215 2686 404 2724 AEmilius
447 2685 644 2737 LepiduS,
682 2685 852 2723 brother
892 2684 940 2723 of
977 2685 1047 2723 the

215 2740 411 2780 triumvir.

268 2806 308 2844 4.
339 2795 538 2846 Pompei
559 2795 816 2834 theatrum:
840 2806 910 2832 see
928 2804 991 2844 23.
1013 2804 1046 2832 1.

270 2849 518 2898 sufficeret,
538 2850 630 2888 had
641 2849 848 2902 sufficient
864 2861 1019 2887 means.

270 2910 536 2955 tamquam:
571 2905 671 2943 Intr.
695 2913 744 2955 35
754 2903 796 2955 j.

270 2958 398 2998 eius:
432 2960 495 2999 i.e.
517 2972 561 2998 as
580 2958 799 3011 praetorian
817 2956 997 3009 praefect.

270 3024 421 3053 unum
443 3043 453 3054 .
478 3043 488 3054 .
509 3043 519 3054 .
541 3014 764 3060 stetisset,
794 3012 986 3066 confined
1011 3017 1049 3050 to

215 3066 296 3106 this
314 3068 497 3120 damage.
545 3069 596 3107 In
616 3068 711 3115 fact,
731 3066 829 3118 only
842 3067 913 3105 the
933 3071 1049 3116 stage

221 3121 413 3174 (scaena)
439 3134 613 3174 appears
641 3127 685 3162 to
712 3121 818 3161 have
844 3121 954 3160 been
979 3121 1048 3160 de-

1125 2248 1290 2298 stroyed
1311 2246 1406 2299 (VI.
1421 2255 1487 2299 45.
1506 2246 1570 2297 2),
1585 2259 1631 2286 so
1651 2246 1742 2286 that
1760 2246 1832 2286 the
1846 2247 1960 2286 word

1126 2308 1317 2340 exustum
1333 2303 1435 2340 used
1450 2302 1504 2352 by
1516 2301 1677 2340 Seneca
1687 2301 1732 2353 (5
1745 2300 1961 2353 n.),seems

1126 2362 1197 2395 too
1217 2362 1371 2406 strong.

1183 2421 1219 2463 5.
1251 2410 1453 2461 effigiem
1476 2411 1672 2450 Seiano:
1705 2410 1776 2448 the
1796 2409 1959 2449 remark

1127 2466 1175 2504 of
1199 2466 1430 2504 Cremutius
1459 2465 1619 2504 Cordus
1642 2470 1689 2503 at
1718 2464 1822 2503 this:
1860 2470 1960 2503 tunc

1126 2534 1221 2559 vere
1246 2520 1454 2558 theatrum
1479 2520 1659 2571 perire!
1692 2518 1810 2571 (Sen.
1844 2519 1957 2558 Cons.

1127 2575 1189 2613 ad
1203 2576 1344 2614 filare.
1370 2585 1435 2614 22.
1457 2574 1506 2625 4)
1534 2587 1617 2612 was
1646 2587 1701 2612 no
1728 2573 1858 2612 doubt
1878 2586 1958 2612 one

1127 2642 1248 2668 cause
1269 2629 1316 2668 of
1337 2629 1401 2668 his
1421 2629 1687 2681 prosecution
1706 2628 1823 2667 three
1842 2641 1959 2680 years

1124 2684 1228 2723 later
1253 2683 1349 2736 (IV.
1371 2694 1434 2734 34.
1461 2683 1521 2735 Ι).

1184 2737 1262 2781 73.
1303 2740 1489 2778 sedem:
1523 2738 1578 2777 he
1597 2738 1735 2777 would
1763 2738 1884 2777 retire
1913 2743 1958 2777 to

1126 2806 1240 2832 some
1260 2794 1447 2843 territory
1467 2799 1529 2832 set
1550 2799 1666 2844 apart
1686 2793 1748 2831 for
1766 2793 1866 2832 him.

1181 2855 1286 2887 aut:
1319 2861 1364 2886 as
1384 2861 1437 2886 an
1458 2848 1709 2887 alternative.

1182 2903 1516 2954 inexplicabile,
1539 2902 1846 2942 interminable.

1183 2967 1219 2996 2.
1240 2957 1450 2996 hostium
1465 2969 1592 2996 more
1604 2964 1786 3008 ageret:
1808 2956 1958 2996 should

1127 3024 1288 3050 assume
1312 3012 1382 3050 the
1411 3012 1624 3050 character
1643 3012 1727 3050 and
1755 3011 1885 3062 rights
1913 3010 1962 3050 of

1127 3079 1152 3104 a
1170 3066 1426 3116 belligerent.

1183 3131 1220 3171 3.
1261 3121 1509 3172 Spartaco:
1565 3120 1630 3160 his
1685 3119 1956 3159 insurrection

2091 3194 2102 3204 .

2095 3205 2118 3228 Ρ

2095 3343 2119 3365 2³

2095 3418 2118 3434 ἦ
