2170 3488
181 209 290 251 ΑΒ.
310 208 398 262 23.]

968 213 1211 255 ANNALS.
1916 220 1996 263 277

180 345 388 413 pudore
414 344 636 396 sibimet
664 345 929 413 irrogaret
968 357 1197 400 mortem
1240 367 1402 417 quam
1442 353 1583 418 patri
1621 361 1904 407 struxerat.

183 431 340 482 Haec
376 430 541 498 vulgo
579 430 795 493 iactata,
838 449 1003 499 super
1039 434 1093 485 id
1132 436 1278 502 quod
1316 436 1464 487 nullo
1503 445 1725 489 auctore
1763 449 1911 492 certo
1934 448 1990 492 11

180 516 481 578 firmantur,
528 524 783 584 prompte
827 519 1165 572 refutaveris,

1270 521 1408 589 Quis
1455 522 1600 574 enim
1653 525 1909 577 mediocri
1949 551 1972 576 2

179 602 486 670 prudentia,
530 603 733 654 nedum
779 604 1033 657 Tiberius
1084 606 1256 659 tantis
1300 608 1464 659 rebus
1508 609 1795 672 exercitUS,
1836 611 1912 662 in-

180 689 367 741 audito
394 689 507 740 filio
534 689 761 741 exitium
790 691 1031 754 offerret,
1061 692 1226 760 idque
1253 710 1351 745 sua
1377 711 1540 745 manu
1568 703 1623 746 et
1656 696 1806 748 nullo
1843 699 1911 749 ad

180 775 575 844 paenitendum
621 778 914 844 regressu?
954 778 1084 845 quin
1130 779 1311 846 potius
1358 780 1667 833 ministrum
1713 784 1912 835 veneni

180 862 530 924 excruciaret,
572 870 852 914 auctorem
901 864 1224 931 exquireret,
1265 865 1430 917 insita
1473 867 1707 935 denique
1746 869 1909 920 etiam

180 949 236 999 in
264 957 554 1001 extraneos
594 949 949 1002 cunctatione
988 958 1043 1001 et
1084 968 1235 1002 mora
1272 953 1557 1004 adversum
1597 954 1817 1006 unicum
1857 963 1910 1007 et

179 1035 382 1087 nullius
432 1043 562 1087 ante
613 1036 808 1104 flagitii
860 1045 1199 1104 compertum
1252 1040 1536 1090 uteretur?

90 1118 94 1120 ’
159 1121 416 1191 δθὶειηιιε
443 1122 749 1174 facinorum
777 1123 1019 1175 omnium
1049 1132 1295 1191 repertor
1315 1125 1631 1186 habebatur,
1657 1142 1722 1176 ex
1747 1126 1913 1178 nimia

1627 1039 1736 1091 Sed
1787 1041 1911 1108 quia
1951 1065 1973 1101 3

180 1208 409 1260 caritate
436 1209 494 1259 in
522 1225 647 1260 eum
678 1209 930 1261 Caesaris
959 1218 1014 1261 et
1044 1218 1349 1262 ceterorum
1379 1211 1434 1261 in
1456 1219 1746 1278 utrumque
1771 1213 1909 1274 odio,

180 1294 428 1362 quamvis
479 1295 731 1347 fabulosa
782 1304 837 1347 et
894 1297 1152 1347 immania
1217 1298 1594 1358 credebantur,
1649 1298 1913 1350 atrociore

180 1397 399 1448 semper
439 1381 588 1432 fama
632 1398 762 1449 erga
806 1382 1203 1433 dominantium
1250 1383 1441 1434 exitus

1524 1383 1674 1435 Ordo
1713 1385 1911 1452 alioqui
1950 1409 1975 1443 4

181 1467 404 1519 sceleris
449 1484 548 1534 per
591 1468 888 1535 Apicatam
936 1468 1122 1521 Seiani
1167 1469 1428 1535 proditus,
1473 1470 1762 1520 tormentis
1810 1471 1915 1521 Eu-

180 1553 326 1605 demi
352 1571 415 1605 ac
445 1554 626 1623 Lygdi
653 1555 964 1621 patefactus
992 1562 1090 1606 est.
1160 1555 1355 1622 Neque
1377 1555 1660 1622 quisquam
1685 1555 1915 1622 scriptor

179 1647 293 1691 tam
333 1639 584 1692 infensus
612 1641 824 1692 exstitit
861 1649 921 1692 ut
961 1641 1183 1692 Tiberio
1223 1641 1537 1702 obiectaret,
1569 1658 1692 1692 cum
1732 1642 1914 1692 omnia

111 1719 115 1721 “
180 1726 284 1778 alia
328 1727 717 1794 conquirerent
769 1727 1241 1795 intenderentque.

1348 1726 1485 1777 Mihi
1535 1727 1784 1777 tradendi
1835 1745 1912 1778 ar·
1950 1749 1972 1787 5

179 1813 492 1881 guendique
519 1813 752 1865 rumoris
781 1831 944 1865 causa
969 1814 1088 1875 fuit,
1120 1821 1178 1864 ut
1219 1813 1362 1864 claro
1402 1813 1503 1863 sub
1543 1813 1788 1879 exemplo
1820 1813 1913 1863 fal-

180 1916 268 1951 sas
294 1899 604 1951 auditiones
633 1900 978 1967 depellerem,
1008 1907 1361 1966 peteremque
1400 1899 1469 1949 ab
1508 1898 1572 1948 iis
1600 1916 1827 1965 quorum
1856 1899 1911 1948 in

179 2002 374 2037 manus
415 2003 546 2038 cura
583 1994 774 2037 nostra
811 1985 1038 2048 venerit,
1070 2004 1134 2037 ne
1171 1985 1449 2051 divulgata
1486 1991 1649 2050 atque
1687 1984 1912 2035 incredi-

179 2071 309 2124 bilia
338 2072 497 2123 avide
535 2080 763 2139 accepta
788 2072 932 2123 veris
971 2088 1150 2138 neque
1188 2071 1244 2121 in
1285 2070 1602 2121 miraculum
1643 2070 1910 2136 corruptis

177 2159 560 2210 antehabeant.

252 2239 513 2291 Ceterum
552 2239 811 2290 laudante
850 2238 1021 2289 filium
1060 2254 1158 2304 pro
1197 2236 1386 2288 rostris
1425 2236 1647 2287 Tiberio
1686 2244 1909 2287 senatus
1934 2242 1993 2285 12

177 2325 520 2392 populusque
570 2325 820 2376 habitum
880 2341 943 2375 ac
993 2340 1156 2375 voces
1220 2322 1506 2390 dolentum¹
1567 2322 1911 2372 simulatione

233 2461 314 2505 ll,
355 2463 484 2502 nullo
531 2469 718 2502 auctore
773 2469 906 2508 certo,
955 2475 1007 2500 no

178 2518 442 2568 trustworthy
461 2518 686 2568 authority,
699 2539 752 2545 -
765 2523 838 2555 not
866 2529 1006 2555 neces-

178 2571 298 2622 sarily
326 2585 382 2610 no
410 2572 572 2610 written
605 2577 795 2618 account,
825 2571 898 2609 but
936 2571 1006 2609 the

179 2639 251 2665 use
299 2626 346 2665 of
378 2627 449 2665 the
487 2627 601 2665 word
641 2626 838 2677 scriptor
875 2625 1008 2664 below

183 2681 253 2733 (4)
277 2682 412 2720 shows
437 2683 527 2720 that
557 2682 589 2720 it
616 2681 738 2720 could
768 2681 871 2719 have
900 2681 1008 2718 been

178 2735 346 2776 handed
366 2737 487 2775 down
508 2736 604 2787 only
622 2737 666 2775 in
685 2736 771 2775 oral
800 2735 1008 2782 tradition,

179 2804 226 2830 or
253 2792 445 2831 informal
474 2793 558 2831 and
586 2790 874 2843 irresponsible
902 2790 1008 2828 writ-

178 2846 282 2897 ings,
302 2847 387 2885 like
410 2847 562 2886 letters.

235 2912 271 2941 2.
311 2903 370 2941 ad
417 2901 778 2953 paenitendum:
836 2900 899 2939 i.e.
948 2899 1010 2938 for

179 2955 354 2995 himself.

234 3011 504 3050 ministrum
549 3009 742 3049 veneni:
793 3009 864 3048 the
912 3021 1009 3059 cup-

178 3063 335 3112 bearer,
373 3065 495 3104 while
543 3071 782 3104 auctorem
819 3075 903 3102 was
940 3063 1010 3101 the

180 3118 384 3158 contriver
405 3119 453 3158 of
466 3119 538 3159 the
558 3118 698 3159 crime.

1141 2461 1292 2508 insita,
1314 2460 1468 2498 inborn
1488 2478 1527 2493 z
1551 2459 1870 2498 characteristic.

1140 2526 1175 2565 3.
1205 2514 1430 2554 atrociore
1444 2514 1580 2560 fama,
1592 2526 1740 2551 rumor
1747 2513 1908 2564 having

1085 2571 1240 2620 always
1254 2582 1313 2606 an
1329 2569 1582 2606 inclination
1595 2573 1632 2605 to
1647 2567 1709 2605 the
1721 2566 1910 2605 horrible.

1138 2636 1178 2672 4.
1209 2623 1396 2673 alioqui,
1419 2635 1635 2659 moreover.

1142 2678 1321 2718 Seiani:
1354 2690 1403 2715 sc.
1427 2689 1609 2714 uxorem.

1141 2734 1411 2772 obiectaret:
1447 2732 1508 2769 zze.
1530 2731 1609 2768 this
1629 2735 1749 2779 story.

1142 2789 1444 2832 intenderent,
1467 2785 1611 2823 az‘med
1624 2790 1669 2822 at
1683 2784 1785 2822 him.

1143 2853 1180 2896 5.
1210 2842 1487 2886 auditiones,
1510 2845 1674 2890 reports.

1142 2909 1251 2937 eura
1270 2903 1451 2935 nostra:
1486 2895 1548 2933 i.e.
1570 2893 1648 2932 this
1668 2891 1792 2930 book.

1144 2950 1223 2993 12.
1282 2951 1498 2989 laudante
1540 2979 1547 2986 .
1589 2978 1597 2986 .
1637 2977 1646 2986 .
1686 2944 1870 2985 Tiberio
1897 2959 1906 2983 ε

1089 3006 1248 3046 Seneca
1289 3004 1373 3055 (ad
1406 3004 1546 3042 Marc.
1586 3001 1631 3039 de
1681 3001 1793 3039 Cons.
1838 2998 1905 3051 15)

1088 3060 1235 3100 relates
1267 3059 1337 3097 the
1370 3069 1481 3096 same
1514 3061 1634 3106 story,
1663 3054 1830 3104 adding,
1864 3054 1911 3091 in

1088 3119 1294 3166 conspectu
1323 3112 1453 3164 posito
1490 3115 1665 3162 corpore,
1704 3108 1913 3148 interiecto
