2170 3488
141 219 224 262 238
930 217 1188 260 TACITUS.
1709 216 1863 272 [Boon
1889 218 1969 260 111.

152 369 210 414 46
229 355 463 408 servitus
490 354 691 408 iterum
716 354 891 406 victis,
973 354 1102 405 Non
1139 353 1233 406 diu
1268 354 1405 406 haec
1439 367 1544 406 nec
1581 353 1726 422 apud
1764 352 1973 418 laetos;

227 442 433 494 etenim
484 441 887 509 propinquabat
938 439 1219 508 legionum
1270 440 1431 502 acies,
1479 438 1860 508 inconditique
1908 456 1974 494 ac

228 528 455 580 militiae
481 527 654 579 nescii
683 525 941 594 oppidani
969 542 1149 594 neque
1177 526 1348 578 oculis
1377 542 1555 594 neque
1583 526 1806 578 auribus
1838 526 1973 579 satis

168 638 192 665 2
227 614 631 681 competebant.
713 612 924 664 Contra
961 612 1143 674 Silius,
1175 612 1281 664 etsi
1313 619 1666 679 praesumpta
1699 629 1827 679 spes
1856 613 1975 665 hor-

228 701 382 752 tandi
404 717 598 752 causas
621 706 911 761 exemerat,
934 698 1250 751 clamitabat
1278 706 1466 750 tamen
1493 699 1812 765 pudendum
1839 699 1972 767 ipsis

229 787 374 855 quod
410 785 831 838 Germaniarum
857 785 1098 838 victores
1138 785 1429 836 adversum
1465 785 1653 836 Gallos
1692 792 1973 853 tamquam

168 893 191 930 3
228 873 285 924 in
331 873 549 924 hostem
595 873 942 924 ducerentur.
1045 872 1207 924 ‘Una
1251 887 1427 938 nuper
1467 871 1665 923 cohors
1711 871 1972 924 rebellem

229 961 533 1020 Turonum,
564 975 674 1010 una
707 958 794 1010 ala
819 959 1141 1020 Treverum‚
1171 974 1378 1025 paucae
1417 957 1579 1009 huius
1618 957 1790 1025 ipsius
1830 975 1977 1010 exer-

167 1066 193 1102 4
229 1045 372 1118 citus
417 1052 632 1096 turmae
681 1044 1041 1113 profligavere
1088 1044 1388 1112 Sequanos.
1471 1043 1696 1111 Quanto
1741 1045 1977 1111 pecunia

229 1131 374 1183 dites
419 1138 474 1183 et
518 1131 894 1198 voluptatibus
939 1130 1249 1198 opulentOS,
1290 1137 1448 1182 tanto
1499 1130 1675 1198 magis
1726 1130 1975 1184 imbelles

169 1234 192 1274 5
228 1218 459 1270 Aeduos
482 1217 720 1270 evincite
741 1225 796 1269 et
822 1217 1167 1285 fugientibus
1197 1215 1498 1269 consulite.'
1581 1217 1788 1285 Ingens
1817 1218 1886 1270 ad
1913 1234 1977 1270 ea

230 1305 448 1365 clamor,
469 1312 526 1356 et
546 1304 900 1357 circumfudit
918 1320 1087 1372 eques
1103 1304 1456 1372 frontemque
1472 1304 1688 1372 pedites
1708 1304 1974 1370 invasere,

168 1404 194 1440 6
237 1408 339 1443 nec
384 1398 706 1443 cunctatum
757 1392 902 1458 apud
946 1391 1129 1443 latera.
1227 1391 1454 1443 Paulum
1500 1407 1684 1443 morae
1741 1391 1978 1443 attulere

228 1477 436 1539 ferrati,
478 1477 816 1529 restantibus
854 1477 1073 1529 laminis
1124 1478 1415 1529 adversum
1467 1477 1577 1544 pila
1626 1484 1683 1529 et
1734 1477 1978 1545 gladios;

231 1564 330 1615 sed
369 1563 528 1615 miles
568 1563 837 1630 correptis
876 1562 1161 1616 securibus
1201 1571 1257 1615 et
1296 1563 1551 1626 dolabriS,
1581 1571 1643 1616 ut
1675 1563 1721 1615 si
1759 1580 1976 1616 murum

230 1657 629 1717 perrumperet,
659 1651 889 1703 caedere
915 1649 1164 1718 tegmina
1191 1658 1246 1702 et
1274 1667 1502 1717 corpora
1518 1668 1529 1713 ;
1564 1649 1786 1718 quidam
1812 1650 1979 1702 trudi·
2037 1693 2040 1695 .

230 1736 334 1788 bus
369 1744 463 1788 aut
498 1736 669 1789 furcis
704 1735 942 1790 inertem
981 1736 1183 1788 molem
1224 1744 1589 1804 prosternere,
1620 1736 1978 1805 iacentesque

230 1822 382 1874 nullo
409 1823 478 1875 ad
504 1823 905 1891 resurgendum
932 1822 1058 1875 nisu
1085 1823 1241 1891 quasi
1263 1822 1545 1875 exanimes
1566 1822 1972 1891 linquebantur.

168 1929 194 1966 7
235 1909 489 1962 Sacrovir
537 1909 713 1977 primo
765 1909 1254 1978 Augustodunum,
1302 1910 1430 1961 dein
1475 1917 1637 1963 metu¹
1680 1909 1977 1963 deditionis

230 1996 285 2047 in
313 1996 498 2047 villam
538 1996 900 2065 propinquam
939 2013 1066 2049 cum
1103 1996 1386 2048 fidissimis
1432 1996 1627 2064 pergit.
1715 1996 1834 2049 Illic
1879 2013 1979 2048 sua

230 2098 413 2144 manu,
460 2082 655 2150 reliqui
700 2082 907 2135 mutuis
953 2082 1153 2135 ictibus
1198 2082 1480 2146 occidere;
1536 2082 1764 2136 incensa
1814 2099 1980 2151 super

229 2168 357 2220 villa
394 2184 588 2220 omnes
629 2169 909 2221 cremavit.

147 2260 206 2306 47
300 2255 445 2306 Tum
473 2255 693 2306 demum
721 2254 976 2307 Tiberius
1012 2263 1193 2307 ortum
1225 2263 1613 2323 patratumque
1652 2255 1859 2308 bellurn
1900 2272 1980 2308 se-

230 2347 365 2392 natu
400 2340 655 2408 scripsit3
694 2357 875 2409 neque
909 2341 1150 2408 dempsit
1189 2349 1283 2393 aut
1321 2341 1532 2394 addidit
1558 2358 1703 2404 ver0,
1734 2343 1831 2396 sed
1869 2343 1978 2395 fide

2105 1991 2108 1994 ⁴
2089 1939 2123 1967 12
2092 1421 2126 1919 ωίψῆΰῐᾱωιλψρυὡῆψκ
2100 1315 2125 1385 'cs-w.
2100 1203 2114 1222 '⁴
2102 1115 2113 1177 ····
2103 1039 2106 1043 ’
2099 899 2117 915 ³⁴
2093 824 2114 866 ’Ψ
2114 656 2123 692 ««
2085 511 2118 530 ζ’
2081 452 2082 455 „
2122 292 2128 393 ,-

228 2476 447 2516 cohortes
504 2488 574 2516 are
629 2481 770 2516 meant
834 2476 905 2516 the
965 2476 1064 2528 fully
1143 2478 1194 2517 in
1214 2477 1460 2530 pleasures:
1499 2478 1564 2518 zze.
1593 2475 1718 2519 made
1746 2478 1978 2519 effeminate

229 2530 437 2583 equipped
470 2531 661 2579 soldiers;
706 2531 761 2582 by
789 2543 1063 2580 semermos,

228 2585 348 2624 those
368 2599 462 2624 cum
482 2586 711 2633 venabulis,
732 2591 808 2625 etc.
834 2585 922 2638 (43.
945 2585 1009 2637 2).

282 2651 322 2689 4.
356 2640 524 2680 iterum
548 2654 557 2679 :
609 2640 765 2692 having
806 2653 912 2681 once
955 2641 1064 2681 been

227 2694 418 2734 subdued
437 2695 491 2745 by
514 2694 661 2734 Caesar.

281 2747 363 2792 46.
402 2749 640 2801 oppidani,
655 2750 935 2802 towns-people
957 2750 1062 2802 (stu-

228 2803 361 2851 dents,
400 2803 500 2856 etc.)
512 2818 526 2853 3
570 2816 640 2845 see
677 2804 824 2853 belom
862 2806 1062 2858 pecunia

227 2857 363 2905 dites,
387 2865 465 2899 etc.

282 2925 436 2964 neque
463 2944 473 2954 .
505 2944 514 2954 .
543 2944 553 2955 .
579 2916 932 2968 competebant:
964 2915 1062 2967 they

226 2966 306 3007 lost
326 2968 431 3007 their
450 2981 591 3009 senses
610 2969 715 3009 from
734 2970 871 3022 panic.

282 3032 320 3072 3.
354 3023 613 3072 Turonum,
661 3025 938 3064 Treverum:
989 3025 1060 3065 the

226 3075 407 3127 singular
426 3077 489 3116 for
508 3078 579 3117 the
598 3078 742 3130 plural.

279 3141 321 3182 4.
346 3131 668 3188 voluptatibus
688 3132 952 3190 opulentos,
968 3133 1060 3175 rich

1141 2533 1196 2583 by
1214 2532 1401 2584 pleasure
1422 2532 1704 2585 (Andresen).
1753 2534 1846 2575 The
1866 2546 1978 2573 com-

1141 2587 1307 2639 parison
1341 2587 1376 2626 is
1408 2587 1597 2627 between
1632 2588 1704 2627 the
1735 2588 1862 2628 AEdui
1895 2589 1978 2629 and

1141 2641 1259 2681 these
1284 2641 1365 2681 less
1384 2642 1560 2693 wealthy
1582 2642 1759 2683 nations.

1195 2697 1418 2736 evincite:
1451 2709 1521 2735 see
1542 2698 1655 2749 App.
1676 2698 1710 2737 I.

1194 2751 1427 2791 consulite
1449 2769 1489 2785 =
1506 2752 1688 2802 parcite.

1195 2806 1234 2846 6.
1263 2807 1549 2847 restantibus
1575 2823 1616 2840 =
1636 2806 1931 2846 resistentibus.

1194 2862 1325 2901 nullo
1357 2891 1367 2900 .
1402 2893 1410 2901 .
1442 2893 1450 2901 .
1476 2863 1611 2903 nisu:
1646 2874 1701 2901 on
1730 2866 1906 2901 account
1934 2860 1982 2900 of

1139 2916 1210 2956 the
1229 2917 1382 2967 weight
1402 2917 1450 2956 of
1464 2918 1571 2957 their
1591 2930 1739 2957 armor.

1197 2981 1233 3023 7.
1270 2972 1453 3011 villam:
1499 2972 1631 3012 either
1661 2985 1686 3011 a
1723 2971 1976 3011 farm-house

1143 3024 1271 3077 (villa
1293 3025 1494 3078 rustica),
1515 3040 1562 3066 or
1586 3038 1703 3066 more
1733 3026 1934 3078 probably
1952 3039 1977 3066 a

1139 3085 1417 3130 country-seat
1442 3080 1570 3132 (villa
1594 3080 1803 3133 urbana).

1193 3145 1348 3188 super,
1367 3147 1464 3174 over
1481 3135 1591 3175 their
1607 3135 1742 3176 keads.
