2170 3488
61 235 69 264 ς
152 213 261 252 Α.Ι).
283 211 371 264 25.]

53 1118 86 1154 ‘²'
156 1123 330 1190 magis
357 1139 428 1173 an
455 1121 740 1188 sapientia.

940 211 1186 251 ANNALS.

153 365 267 400 rem
319 362 480 398 suum
533 345 788 397 Cassium
841 346 1224 412 praedicabat:
1287 354 1344 398 et
1404 353 1637 414 uterque
1699 346 1895 413 opibus

153 442 318 501 atque
368 431 669 483 honoribus
719 432 1057 499 perviguere.

1164 433 1340 484 Marci
1391 432 1678 484 Ciceronis
1736 432 1890 494 libro,
1932 457 1956 493 7

154 537 260 589 quo
289 519 558 571 Catonem
586 517 737 569 caelo
777 519 1046 585 aequavit,
1077 518 1206 586 quid
1244 518 1388 569 aliud
1428 518 1665 570 dictator
1692 518 1899 570 Caesar

155 623 317 675 quam
355 604 621 670 rescripta
660 604 921 665 oratione,
951 605 1103 655 velut
1142 605 1287 671 apud
1323 605 1545 666 iudiceS‚
1575 605 1898 671 respondit?

155 690 392 744 Antonii
419 689 705 756 epistulae,
738 690 895 740 Bruti
935 690 1222 742 contiones
1261 691 1401 742 falsa
1439 691 1658 758 quidem
1698 691 1754 741 in
1782 690 1896 742 Au·
1936 705 1958 741 8

155 786 379 847 gustum
407 777 620 843 probra,
651 776 749 827 sed
788 776 963 827 multa
1001 794 1125 828 cum
1165 777 1468 834 acerbitate
1507 777 1715 828 habent
1736 794 1748 839 ;
1787 794 1899 829 car-

156 865 304 916 mina
343 862 592 914 Bibaculi
631 870 688 913 et
730 862 933 914 Catulli
972 863 1175 914 referta
1213 863 1563 915 contumeliis
1601 863 1898 915 Caesarum

154 952 446 1018 leguntur:
485 950 584 1000 sed
609 948 727 1015 ipse
755 949 911 1000 divus
947 949 1134 1010 Iulius,
1164 949 1283 1016 ipse
1322 950 1478 1001 divus
1507 949 1802 1017 Augustus
1842 958 1897 1001 et

157 1226 324 1271 scare‚
359 1207 550 1276 agnita
585 1207 854 1259 videntur.

155 1037 331 1088 tulere
358 1035 466 1087 ista
491 1042 547 1086 et
574 1035 860 1102 reliquere,
890 1036 1035 1086 haud
1061 1035 1226 1087 facile
1258 1036 1484 1087 dixerim
1523 1036 1899 1087 moderatione

820 1122 1075 1188 Namque
1102 1130 1289 1188 spreta
1324 1122 1678 1175 exolescunt:
1718 1122 1764 1173 si
1804 1123 1900 1174 ira-

955 1209 1084 1258 Non
1124 1208 1339 1276 attingo
1381 1209 1640 1270 GraeCOS,
1670 1226 1901 1277 quorum
1921 1215 1983 1260 35

51 1279 83 1358 ᾖ
155 1313 267 1348 non
305 1296 467 1346 modo
505 1294 746 1356 libertaS,
789 1294 955 1345 etiarn
994 1294 1164 1346 libido
1203 1295 1506 1361 impunita3
1547 1304 1641 1346 aut
1688 1296 1733 1346 si
1778 1296 1900 1363 quis

93 1420 110 1429 .
156 1381 407 1450 advertit,
437 1380 600 1432 dictis
627 1380 776 1432 dicta
802 1381 951 1431 ultus
979 1389 1078 1432 est.

157 1469 277 1521 sine
305 1468 675 1519 obtrectatore
700 1466 807 1517 fuit
835 1468 1066 1533 prodere
1093 1468 1160 1518 de
1188 1467 1253 1518 iis
1286 1484 1422 1534 quos
1462 1485 1608 1518 mors
1642 1468 1766 1518 odio
1806 1476 1899 1518 aut

156 1554 365 1623 gratiae
393 1553 702 1605 exemisset.

786 1553 935 1604 Num
977 1553 1125 1604 enim
1165 1553 1390 1604 armatis
1422 1553 1614 1604 Cassio
1642 1562 1695 1604 et
1727 1555 1896 1605 Bruto
1938 1578 1961 1614 3

64 1694 70 1719 Ζ
157 1659 221 1693 ac
249 1640 631 1707 Philippenses
671 1656 894 1706 campos
934 1639 1316 1691 obtinentibus
1356 1639 1484 1690 belli
1524 1640 1697 1691 civilis
1738 1657 1902 1691 causa

54 1733 85 1757 ⁷
157 1727 417 1795 populum
456 1743 555 1794 per
593 1726 880 1778 contiones
920 1726 1195 1777 incendo?
1235 1743 1304 1776 an
1344 1726 1421 1776 illi
1461 1726 1678 1793 quidem
1720 1734 1899 1792 septu·

158 1813 461 1881 agesimum
501 1820 632 1864 ante
670 1830 877 1864 annum
917 1812 1204 1879 perempti,
1236 1829 1343 1879 quo
1381 1813 1542 1863 modo
1570 1812 1900 1880 imaginibus

159 1900 271 1952 suis
298 1906 617 1960 noscuntur,
648 1915 782 1966 quas
823 1915 894 1949 ne
920 1899 1098 1950 victor
1125 1899 1344 1966 quidem
1384 1887 1637 1960 abolevit,
1669 1899 1748 1950 sic
1787 1916 1903 1965 par-

59 1999 77 2046 ᾗ
158 1993 271 2038 tem
297 1985 595 2038 memoriae
621 1986 766 2052 apud
794 1985 1090 2052 scriptores
1129 1985 1411 2036 retinent?
1489 1985 1663 2036 Suum
1703 1985 1899 2052 cuique
1939 2010 1963 2045 4

73 2075 79 2080 ’
159 2074 328 2125 decus
379 2072 674 2139 posteritas
726 2072 977 2138 rependit
1001 2089 1012 2134 ;
1068 2088 1170 2123 nec
1221 2072 1470 2132 deerunt,
1526 2071 1571 2122 si
1622 2071 1902 2122 damnatio

216 2363 251 2405 7.
294 2353 442 2393 Marci
475 2353 728 2399 Ciceronis,
761 2358 863 2392 etc.:
908 2353 990 2391 this

158 2407 272 2446 book
298 2420 382 2446 was
411 2407 545 2446 called
572 2408 689 2446 Laus
724 2408 890 2446 Catonis
914 2407 988 2459 (A.

65 2444 83 2473 ⁴¹
160 2461 434 2501 Gell..XIII.
482 2461 573 2513 19),
615 2475 660 2500 or
699 2462 847 2513 simply
892 2463 988 2501 Cato

63 2531 83 2560 χ,
165 2515 275 2567 (Cic.
316 2517 379 2555 ad
408 2518 494 2556 Att.
537 2517 664 2555 XIII.
706 2517 805 2566 46);
854 2517 989 2555 Caesar

160 2570 318 2622 replied
351 2571 395 2609 in
425 2584 450 2610 a
477 2571 593 2609 work
628 2571 759 2610 called
794 2573 831 2609 A
837 2573 988 2609 nticato

165 2624 240 2675 (A.
263 2625 368 2664 Gell.
389 2626 463 2664 IV.
496 2624 583 2676 16),
605 2625 652 2664 of
676 2626 812 2663 which
842 2626 988 2664 Cicero

160 2691 251 2729 says
275 2679 359 2731 (ad
369 2682 453 2719 Att.
474 2681 574 2719 XII.
595 2679 688 2731 40),
709 2681 862 2731 colligit
878 2681 987 2718 vitia

167 2733 345 2782 Catonis,
365 2735 438 2773 sed
451 2748 546 2773 cum
568 2736 772 2774 maximis
791 2735 988 2773 laudibus

161 2800 272 2828 meis.

215 2841 254 2882 8.
275 2844 466 2883 Antonii
487 2844 730 2896 epistulae,
747 2850 848 2883 etc.:
872 2856 987 2883 some

161 2902 335 2936 extracts
354 2898 459 2937 from
479 2899 595 2937 these
614 2899 755 2937 letters
775 2912 844 2937 are
864 2899 987 2949 given

160 2950 214 3001 by
243 2951 462 2991 Suetonius
493 2954 601 3003 (Oct.
635 2963 670 3004 7,
705 2953 766 3000 16,
798 2953 862 3003 63,
895 2953 987 3003 69).

160 3004 220 3044 Of
234 3006 349 3045 these
369 3007 568 3058 speeches
588 3007 635 3046 of
651 3008 798 3046 Brutus
811 3008 988 3058 nothing

159 3058 195 3098 is
213 3059 378 3100 known.
417 3061 637 3100 Bibaculus
651 3074 735 3100 was
750 3074 774 3100 a
794 3067 905 3112 poet,
921 3063 988 3100 de-

160 3114 322 3155 scribed
348 3115 403 3166 by
432 3116 602 3156 Horace
632 3115 744 3169 (Sat.
767 3116 824 3156 II.
850 3125 886 3169 5.
906 3115 981 3168 40)

158 2158 379 2226 ingruit,
420 2158 514 2226 qui
552 2175 664 2209 non
703 2159 865 2209 modo
909 2157 1088 2209 Cassii
1130 2165 1185 2208 et
1233 2158 1404 2219 Bruti,
1446 2158 1544 2208 sed
1583 2158 1747 2209 etiam
1794 2157 1901 2208 mei

159 2244 542 2297 meminerint.'

1074 2365 1119 2391 as
1148 2352 1195 2391 of
1219 2366 1272 2392 an
1294 2353 1465 2391 inflated
1484 2352 1598 2402 style.
1652 2353 1742 2391 The
1764 2352 1904 2402 vulgar

1074 2408 1200 2446 abuse
1221 2407 1268 2445 of
1287 2408 1422 2446 Caesar
1442 2408 1485 2445 in
1506 2407 1575 2445 the
1596 2420 1741 2458 poems
1761 2407 1808 2444 of
1826 2407 1902 2446 Ca-

1073 2461 1196 2501 tullus
1221 2461 1291 2513 (11
1317 2463 1400 2500 and
1423 2463 1495 2512 29)
1521 2463 1555 2500 is
1575 2462 1655 2500 still
1680 2467 1830 2501 extant.

1128 2523 1297 2567 spreta,
1319 2517 1367 2568 if
1368 2529 1454 2566 you
1475 2517 1624 2566 despise
1644 2516 1762 2554 them.

1128 2572 1300 2621 agnita,
1322 2571 1559 2622 recognized
1572 2588 1611 2604 :-
1635 2570 1844 2623 confissed.

1127 2624 1210 2667 35.
1253 2637 1288 2664 2.
1320 2626 1543 2672 solutum,
1554 2626 1662 2677 free.

1129 2690 1166 2730 3.
1196 2692 1335 2719 num:
1369 2681 1490 2718 when
1520 2681 1633 2726 used,
1654 2692 1699 2718 as
1727 2680 1838 2725 here,
1859 2684 1902 2718 to

1075 2734 1288 2774 introduce
1327 2735 1397 2773 the
1439 2735 1522 2773 first
1568 2735 1753 2772 member
1790 2733 1837 2772 of
1878 2746 1903 2772 a

1074 2790 1224 2829 double
1247 2789 1448 2841 question,
1470 2801 1585 2828 num
1607 2789 1680 2827 has
1700 2789 1770 2827 the
1790 2801 1902 2827 same

1072 2844 1184 2883 force
1205 2857 1249 2883 as
1267 2845 1308 2882 in
1329 2844 1460 2894 single
1482 2844 1711 2894 questions;
1747 2843 1810 2881 z’.e.
1831 2842 1902 2881 the

1073 2900 1263 2950 question
1283 2899 1527 2936 introduced
1543 2898 1596 2947 by
1611 2909 1726 2936 num
1749 2897 1782 2935 is
1802 2909 1901 2947 neg-

1073 2954 1223 3000 atived,
1263 2954 1351 2992 that
1390 2953 1636 2991 introduced
1675 2952 1727 3001 by
1766 2963 1827 2990 an
1868 2951 1904 2990 is

1073 3008 1266 3054 asserted,
1277 3008 1380 3045 —is
1400 3008 1436 3044 it
1453 3012 1524 3045 not
1541 3006 1685 3044 rather
1698 3007 1721 3045 ,9
1749 3011 1827 3044 etc.

1125 3074 1164 3110 4.
1195 3062 1335 3100 etiam
1357 3061 1473 3100 mei:
1499 3061 1562 3100 zze.
1580 3073 1624 3099 as
1640 3074 1664 3099 a
1679 3061 1902 3112 champion

1073 3116 1118 3154 of
1142 3116 1299 3166 liberty.

1901 211 1982 252 299

1162 1381 1272 1433 Sed
1300 1382 1534 1432 maxime
1563 1382 1801 1432 solutum
1842 1390 1896 1433 et
1939 1405 1962 1430 2
