2170 3488
35 662 88 2132 ¹3.··l¹›÷·.ss‘l*-‘⁴‘u-ss=agas·&esaarassaifi-fflmihaehfflsffwzemffmfflzmmffl
76 547 78 549 ,
82 511 84 513 .

203 193 313 234 A.D.
334 192 422 245 24]
991 192 1235 235 ANNALs.
1953 197 2032 238 291

204 329 308 381 bus
353 336 546 379 contra
589 328 833 379 omnium
880 329 1082 381 nesciis
1126 347 1238 381 non
1284 348 1448 393 arma,
1490 349 1600 383 non
1646 333 1794 393 ord0,
1835 349 1947 384 non

203 413 507 475 consilium,
550 415 648 465 sed
690 430 950 480 pecorum
998 417 1159 466 modo
1203 416 1347 466 trahi
1393 416 1567 467 occidi
1619 417 1751 482 capi.
1852 417 1937 467 In·
1971 441 1996 476 4

201 500 395 552 sensus
446 500 603 551 miles
654 500 917 551 memoria
960 501 1207 552 laborum
1248 509 1303 552 et
1342 502 1630 553 adversum
1670 502 1945 555 eludentis

203 594 423 654 optatae
460 586 666 637 totiens
705 603 923 653 pugnae
962 603 1022 638 se
1060 587 1292 655 quisque
1330 587 1540 639 ultione
1580 596 1636 639 et
1676 589 1945 656 sanguine

201 672 512 739 explebant.
589 669 865 723 Differtur
901 689 1000 739 per
1037 673 1359 740 manipulos,
1390 674 1801 726 Tacfarinatem
1833 692 1942 726 om-
1980 696 2005 736 5

201 775 317 820 neS,
358 766 552 810 notum
593 766 677 809 tot
728 758 967 825 proeliis,
1010 767 1431 811 consectentur:
1482 776 1595 811 non
1647 760 1754 812 nisi
1805 761 1944 813 duce

201 845 495 896 interfecto
534 845 778 912 requiem
818 845 949 896 belli
985 845 1119 897 fore.
1199 845 1281 896 At
1321 845 1412 897 ille
1457 846 1687 898 deiectis
1733 847 1938 900 circum
1979 862 2005 898 6

201 931 557 998 stipatoribus
591 931 887 998 vinctoque
925 931 1033 981 iam
1073 931 1184 982 filio
1225 939 1278 982 et
1319 932 1513 983 effusis
1553 933 1794 1000 undique
1835 935 1943 985 Ro-

200 1018 391 1080 manis,
432 1018 642 1068 ruendo
688 1017 744 1068 in
790 1017 903 1068 tela
948 1017 1324 1083 captivitatem
1367 1018 1513 1069 haud
1551 1018 1727 1069 inulta
1764 1027 1942 1071 morte

200 1104 398 1171 effugit
427 1104 583 1171 isque
609 1103 736 1155 finis
764 1103 930 1154 armis
958 1103 1261 1170 impositus,

272 1190 595 1241 Dolabellae
640 1190 855 1256 petenti
900 1190 1091 1240 abnuit
1138 1190 1491 1256 triumphalia
1531 1191 1803 1253 TiberiuS,
1850 1191 1942 1243 Se·
1962 1197 2026 1243 26

199 1276 324 1328 iano
350 1276 600 1327 tribuens
627 1292 698 1327 ne
726 1276 908 1326 Blaesi
940 1276 1196 1327 avunculi
1236 1276 1353 1326 eius
1393 1276 1511 1327 laus
1551 1277 1934 1328 obsolesceret.

201 1362 312 1415 Sed
339 1379 518 1430 neque
547 1363 776 1413 Blaesus
804 1362 926 1412 ideo
954 1362 1230 1423 illustrior,
1262 1370 1318 1413 et
1346 1363 1473 1414 huic
1499 1371 1735 1430 negatus
1763 1364 1938 1414 honor
1977 1388 2002 1413 2

198 1448 426 1517 gloriam
462 1448 736 1500 intendit:
774 1447 977 1515 quippe
1016 1448 1230 1516 minore
1267 1448 1509 1499 exercitu
1548 1448 1781 1516 insignis
1821 1467 1942 1516 cap-

197 1536 355 1597 tivos‚
385 1536 608 1587 caedem
636 1535 790 1586 ducis
818 1534 1056 1601 bellique
1088 1534 1328 1585 confecti
1366 1534 1568 1586 famam
1607 1535 1934 1601 deportarat.

200 1621 586 1689 Sequebantur
623 1629 678 1672 et
720 1621 1116 1672 Garamantum
1156 1620 1339 1688 legati,
1382 1638 1502 1672 raro
1542 1621 1597 1671 in
1643 1622 1777 1672 urbe
1814 1622 1932 1684 visi,
1975 1646 1999 1682 3

198 1726 334 1777 quos
361 1708 715 1759 Tacfarinate
754 1724 916 1759 caeso
957 1707 1209 1773 perculsa
1246 1724 1384 1774 gens
1425 1715 1480 1758 et
1521 1708 1713 1774 culpae
1752 1708 1938 1759 nescia

197 1795 265 1846 ad
304 1795 437 1845 satis
475 1794 791 1845 faciendum
831 1794 1032 1860 populo
1074 1794 1326 1844 Romano
1359 1793 1596 1845 miserat.
1679 1793 1933 1866 Cognitis
1973 1819 1999 1854 4

197 1880 396 1932 dehinc
425 1880 723 1931 Ptolemaei
762 1897 862 1947 per
887 1879 942 1930 id
969 1879 1173 1930 bellum
1214 1880 1412 1930 studiis
1452 1879 1720 1945 repetitus
1761 1897 1825 1930 ex
1852 1897 1938 1931 ve-

197 1974 349 2018 tusto
389 1983 539 2017 more
570 1967 745 2017 honos
786 1966 1099 2032 missusque
1139 1982 1169 2016 e
1209 1965 1571 2026 senatoribus,
1613 1966 1705 2032 qui
1745 1966 1936 2032 scipio-

197 2070 323 2105 nem
363 2054 649 2114 eburnum,
690 2060 877 2119 togam
916 2052 1136 2118 pictam,
1167 2052 1394 2118 antiqua
1432 2059 1650 2118 patrum
1690 2069 1932 2114 munera,

198 2139 349 2190 daret
376 2155 673 2206 regemque
701 2147 756 2190 et
785 2139 992 2190 socium
1022 2146 1188 2205 atque
1215 2138 1451 2189 amicum
1479 2138 1791 2204 appellaret.

271 2248 480 2299 Eadem
519 2255 731 2299 aestate
771 2255 920 2298 mota
957 2264 1056 2314 per
1085 2247 1299 2297 Italiam
1329 2247 1540 2298 servilis
1568 2246 1695 2297 belli
1725 2246 1936 2298 semina
1957 2252 2015 2297 27

195 2333 308 2385 fors
336 2334 622 2400 oppressit.
698 2333 915 2384 Auctor
941 2333 1214 2384 tumultus
1241 2334 1302 2384 T.
1338 2333 1628 2393 CurtisiuS,
1659 2333 1933 2400 quondam

195 2420 497 2487 praetoriae
543 2420 784 2471 cohortis
832 2420 1004 2481 mileS,
1047 2420 1224 2486 primo
1275 2419 1525 2470 coetibus
1577 2419 1933 2470 clandestinis

195 2506 354 2572 apud'
385 2506 735 2557 Brundisium
788 2514 842 2556 et
896 2506 1248 2557 circumiecta
1298 2506 1512 2572 oppida,
1561 2522 1688 2555 mox
1738 2505 1933 2571 positis

251 2667 286 2710 5.
318 2658 536 2704 differtur,
556 2658 677 2696 word
692 2658 727 2695 z's
745 2657 904 2708 spread.
1107 2658 1150 2695 in
1180 2667 1243 2694 20.
1276 2667 1313 2703 2,
1343 2668 1389 2695 as
1426 2668 1480 2694 an
1517 2655 1746 2694 indication
1784 2655 1830 2693 of
1863 2655 1934 2694 the

250 2712 286 2751 6.
318 2713 494 2758 effusis,
506 2713 695 2763 pouring
718 2713 766 2750 in
788 2718 900 2763 upon
918 2712 1021 2751 lzz'm.
1108 2712 1268 2764 change
1298 2711 1360 2749 for
1389 2710 1459 2749 the
1478 2722 1607 2748 worse
1637 2710 1679 2747 in
1707 2709 1906 2748 Tiberius.

250 2764 332 2808 26.
372 2767 613 2806 avunculi:
650 2779 720 2805 see
758 2767 839 2805 III.
882 2776 944 2818 72.
984 2766 1021 2805 6.
1163 2776 1198 2815 3.
1235 2766 1401 2816 culpae
1431 2765 1614 2804 nescia:
1658 2764 1688 2802 it
1717 2776 1800 2801 was
1828 2763 1934 2802 their

196 2821 256 2860 Of
286 2821 358 2871 the
388 2822 561 2860 motives
592 2821 640 2860 of
668 2821 750 2860 this
778 2821 928 2860 refusal
959 2834 1021 2860 we
1106 2820 1222 2870 king,
1243 2826 1316 2858 not
1345 2819 1416 2857 the
1446 2818 1712 2864 nation‚-that
1736 2818 1820 2856 had
1843 2823 1934 2856 sent

195 2876 319 2927 really
336 2877 461 2915 know
475 2878 663 2927 nothing,
678 2876 752 2915 but
772 2889 817 2915 as
834 2876 1022 2915 Tiberius
1106 2876 1174 2914 aid
1195 2881 1237 2914 to
1256 2874 1496 2913 Tacfarinas
1511 2874 1597 2924 (23.
1620 2872 1690 2922 2);
1717 2885 1831 2911 some
1852 2872 1933 2911 edi-

195 2943 277 2970 was
304 2930 470 2982 already
488 2932 670 2982 strongly
699 2933 830 2971 under
859 2931 930 2970 the
959 2932 1020 2970 in·
1105 2937 1201 2978 tors,
1222 2929 1511 2975 nevertheless‚
1533 2928 1694 2978 change
1715 2934 1760 2966 et
1780 2933 1822 2965 to
1844 2934 1928 2966 set.

195 2984 354 3024 fluence
387 2986 436 3025 of
464 2986 646 3037 Sejanus,
680 3000 742 3025 we
776 3000 869 3037 may
904 2986 1021 3036 fairly
1158 2998 1197 3034 4.
1229 2984 1509 3024 Ptolemaei:
1552 2983 1656 3032 king
1684 2982 1731 3020 of
1767 2982 1931 3020 Maure-

194 3039 324 3078 admit
348 3040 419 3079 the
443 3040 591 3091 justice
620 3041 668 3080 of
689 3041 870 3080 Tacitus’
891 3041 1019 3092 suspi-
1104 3041 1216 3079 tania
1237 3039 1323 3090 (23.
1350 3038 1408 3089 1).
1468 3038 1549 3076 His
1575 3036 1790 3088 sympathy
1814 3037 1930 3086 (stu-

195 3092 303 3141 cion,
322 3095 406 3134 and
424 3097 570 3147 regard
597 3095 692 3143 this,
711 3095 795 3134 like
825 3095 896 3134 the
925 3108 1019 3135 case
1103 3094 1215 3145 diis)
1240 3094 1325 3133 had
1343 3093 1451 3131 been
1471 3092 1568 3130 with
1589 3091 1659 3130 the
1682 3092 1877 3129 Romans.
