2170 3488
945 219 1201 259 TACITUS.

153 219 237 261 306
1730 218 1881 271 [ΒοοΚ
1910 220 1981 260 IV.

237 356 428 419 verim,
457 356 656 424 quibus
685 356 863 407 adhuc
890 355 1393 407 necessitudinibus
1420 355 1727 407 immiscere
1761 363 1818 406 te
1850 355 1982 406 mihi

182 465 228 492 12
241 459 444 509 parem,
465 443 716 493 omittam
744 442 811 492 ad
839 458 1102 508 praesens
1129 441 1367 504 referre;
1399 441 1453 492 id
1478 449 1696 492 tantum
1724 442 1980 508 aperiam,

240 528 376 579 nihil
405 545 527 579 esse
554 536 667 579 tam
695 527 973 579 excelsum
1000 528 1146 594 quod
1173 544 1284 578 non
1310 527 1544 579 virtutes
1574 528 1712 578 istae
1743 536 1982 595 tuusque

239 614 295 665 in
323 631 411 665 me
437 614 653 666 animus
682 622 1012 675 mereantur,
1042 614 1280 680 datoque
1306 621 1557 680 tempore
1582 613 1668 664 vel
1697 613 1752 664 in
1786 621 1983 665 senatu

238 700 328 751 vel
354 700 410 751 in
439 700 698 751 contione
726 717 837 750 non
865 698 1142 751 reticeb0.'

155 792 216 837 41
313 787 559 837 Rursum
599 786 849 847 SeianuS,
879 803 992 837 non
1031 786 1138 836 iam
1178 786 1246 837 de
1285 787 1649 848 matrimoniO,
1681 788 1778 838 sed
1817 786 1982 838 altius

239 880 509 934 metuenS,
551 872 722 923 tacita
764 872 1156 939 suspicionum,
1197 872 1349 940 vulgi
1394 890 1686 935 rumorem,
1727 873 1984 940 ingruen-

179 982 203 1008 2
241 966 354 1009 tem
395 958 656 1009 invidiam
696 959 1036 1025 deprecatur.
1117 959 1207 1010 Ac
1248 975 1318 1010 ne
1363 959 1612 1011 assiduos
1658 959 1714 1009 in
1759 960 1982 1010 domum

239 1053 430 1096 coetus
481 1045 719 1096 arcendo
772 1042 1099 1112 infringeret
1150 1045 1458 1112 potentiam
1509 1053 1603 1096 aut
1650 1046 1983 1112 receptando

237 1131 559 1182 facultatem
587 1131 1007 1182 criminantibus
1043 1132 1348 1198 praeberet,
1379 1132 1486 1183 huc
1525 1132 1693 1193 flexit,
1726 1140 1786 1183 ut
1822 1132 1984 1183 Tibe-

239 1217 380 1268 rium
407 1218 475 1267 ad
502 1217 670 1268 vitam
699 1217 889 1284 procul
920 1218 1100 1269 Roma
1125 1218 1373 1269 amoenis
1401 1218 1536 1270 locis
1558 1219 1867 1285 degendam
1889 1218 1984 1269 im-

176 1326 202 1365 3
240 1303 483 1370 pelleret.
565 1303 745 1355 Multa
771 1303 974 1371 quippe
1003 1304 1323 1371 providebat
1347 1323 1357 1356 :
1397 1322 1497 1356 sua
1524 1304 1579 1355 in
1607 1322 1773 1356 manu
1800 1304 1983 1371 aditus

239 1389 654 1457 litterarumque
703 1407 905 1462 magna
950 1407 1016 1441 ex
1060 1398 1217 1457 parte
1263 1408 1322 1442 se
1366 1391 1631 1442 arbitrum
1675 1391 1809 1452 fore,
1857 1408 1980 1442 curn

238 1493 337 1543 per
374 1476 577 1527 milites
617 1485 1025 1539 commearent;
1071 1494 1198 1528 mox
1237 1476 1531 1529 Caesarem
1569 1485 1835 1544 vergente
1873 1477 1980 1529 iam

239 1570 465 1613 senecta
491 1550 947 1629 secretoqueloci
974 1563 1245 1614 mollitum
1285 1563 1474 1614 munia
1511 1563 1726 1630 imperii
1763 1563 1981 1615 facilius

239 1648 656 1700 tramissurum:
695 1656 751 1700 et
791 1649 965 1700 minui
1005 1649 1111 1700 sibi
1149 1649 1411 1700 invidiam
1449 1650 1707 1716 adempta
1748 1650 1984 1701 salutan-
2036 1694 2041 1697 ,
2090 1682 2093 1683 ⁷
2127 1633 2138 1678 ’ἵ

239 1742 358 1785 tum
385 1735 561 1796 turba,
586 1735 931 1802 sublatisque
951 1735 1208 1786 inanibus
1230 1753 1413 1787 veram
1435 1736 1743 1802 potentiam
1771 1736 1975 1803 augeri.

176 1845 203 1881 4
244 1820 424 1887 Igitur
450 1821 713 1887 paulatim
750 1821 974 1889 negotia
1012 1822 1177 1883 urbiS,
1207 1822 1394 1888 populi
1432 1839 1708 1883 accursus,
1738 1822 1983 1872 multitu·
2090 1875 2093 1877 ,

239 1906 425 1957 dinem
451 1907 812 1958 adfluentium
847 1908 1108 1974 increpat,
1139 1908 1409 1959 extollens
1447 1908 1699 1959 laudibus
1738 1908 1981 1975 quietem
2038 1936 2042 1939 »
2094 1919 2095 1923 ’

239 2000 296 2043 et
348 1993 717 2055 solitudinem,
765 1994 887 2061 quis
938 1995 1134 2045 abesse
1185 1994 1370 2045 taedia
1420 2002 1475 2045 et
1529 1994 1867 2046 offensiones
1918 2010 1982 2045 ac

238 2078 532 2145 praecipua
557 2096 741 2130 rerum
769 2080 1004 2130 maxime
1029 2080 1238 2147 agitari.

153 2170 217 2216 42
310 2165 399 2216 Ac
444 2165 588 2216 forte
626 2166 814 2217 habita
850 2183 949 2234 per
988 2166 1108 2218 illos
1147 2167 1264 2218 dies
1305 2168 1373 2219 de
1413 2167 1654 2218 Votieno
1694 2168 1980 2229 MontanO,

291 2305 374 2349 41.
416 2316 616 2354 rursum,
639 2308 687 2346 in
715 2309 842 2359 reply,
863 2308 907 2346 in
930 2321 956 2348 a
980 2321 1067 2347 sec-

236 2362 322 2400 ond
340 2361 471 2401 letter.
1004 2376 1007 2378 ·

291 2416 455 2455 altius:
500 2416 564 2455 zze.
604 2416 676 2455 the
710 2416 944 2455 intimation
978 2417 1068 2456 that

235 2470 290 2509 he
309 2483 392 2509 was
419 2470 575 2510 looked
594 2483 709 2522 upon
737 2483 782 2510 as
810 2471 977 2522 already
995 2477 1067 2510 too

235 2524 445 2576 powerful.

291 2579 641 2631 suspicionum:
674 2576 776 2619 Intr.
798 2590 848 2632 35
869 2580 911 2618 d.

291 2644 328 2672 2.
362 2634 584 2673 assiduos
618 2642 803 2674 coetus:
846 2635 994 2673 relates
1022 2640 1066 2674 to

236 2689 318 2739 qui
354 2717 363 2726 .
402 2717 412 2726 .
454 2717 464 2726 .
501 2689 755 2728 consulunt
795 2689 839 2727 in
877 2690 948 2728 the
988 2689 1066 2728 last

235 2743 429 2794 chapter:
474 2744 528 2794 by
559 2743 780 2794 excluding
812 2744 883 2782 the
921 2744 1066 2784 nobles

235 2797 340 2835 from
368 2798 433 2836 his
455 2798 586 2837 house
613 2799 666 2837 he
690 2799 825 2838 would
855 2799 908 2838 be
937 2799 1066 2850 guilty

235 2851 283 2890 of
319 2865 373 2890 an
410 2852 571 2900 affront,
609 2853 664 2904 by
700 2853 909 2904 receiving
950 2854 1065 2892 them

234 2905 288 2944 he
307 2906 444 2946 would
463 2907 580 2947 incur
599 2921 713 2947 more
733 2909 817 2947 and
836 2921 950 2947 more
979 2921 1063 2947 sus-

234 2972 385 3011 p1c10n.

290 3025 326 3064 3.
356 3016 535 3056 aditus:
567 3030 618 3055 sc.
642 3018 702 3057 ad
722 3017 992 3069 principem.

289 3081 372 3120 per
385 3070 575 3110 milites:
596 3071 768 3110 soldiers
783 3071 917 3111 called
930 3078 1076 3123 specu·'

232 3122 381 3162 latores
413 3123 504 3177 (see
537 3125 651 3167 Suet.
689 3126 817 3179 Calig.
846 3125 922 3179 44)
955 3139 1062 3166 were

1153 2309 1372 2360 employed
1400 2322 1446 2348 as
1475 2309 1654 2348 couriers
1682 2308 1725 2347 in
1755 2309 1827 2347 the
1857 2321 1982 2359 army,

1152 2363 1354 2414 although
1387 2364 1458 2402 the
1487 2363 1648 2414 regular
1676 2363 1983 2402 letter-carriers

1157 2417 1415 2469 (tabellarii)
1458 2418 1506 2456 of
1548 2418 1618 2456 the
1656 2417 1842 2469 imperial
1889 2422 1983 2468 post

1151 2485 1259 2511 were
1283 2473 1504 2523 ordinarily
1523 2472 1655 2511 slaves
1684 2485 1730 2510 or
1756 2472 1982 2511 freedmen.

1154 2527 1407 2574 Hirschfeld,
1430 2527 1814 2578 Untersuclzungen,
1828 2539 1868 2577 p.
1893 2536 1981 2578 105.

1207 2582 1548 2628 tramissurum,
1597 2582 1652 2620 let
1688 2582 1769 2632 slz'p
1806 2581 1982 2632 through

1148 2637 1215 2675 his
1236 2637 1382 2675 lzana's.

1204 2692 1424 2743 adempta
1452 2721 1461 2730 .
1491 2719 1500 2728 .
1527 2721 1536 2730 .
1563 2693 1718 2730 turba:
1752 2690 1823 2728 the
1844 2690 1982 2729 crowd

1150 2745 1197 2784 of
1232 2747 1493 2797 dependents
1529 2747 1612 2784 and
1652 2746 1849 2797 parasites
1887 2745 1980 2783 who

1150 2813 1270 2851 every
1289 2801 1481 2851 morning
1499 2801 1696 2839 attended
1726 2800 1796 2838 the
1826 2799 1909 2838 hall
1938 2798 1985 2837 of

1149 2855 1219 2894 the
1238 2861 1355 2906 great
1375 2869 1483 2895 man.

1203 2922 1242 2959 4.
1282 2911 1530 2962 praecipua
1559 2940 1567 2948 .
1600 2940 1609 2949 .
1640 2940 1649 2949 .
1683 2909 1871 2959 agitari:
1915 2909 1978 2948 zze.

1149 2965 1264 3003 there
1285 2965 1420 3004 would
1441 2965 1493 3003 be
1523 2964 1669 3003 leisure
1698 2970 1741 3002 to
1763 2963 1907 3002 attend
1935 2968 1979 3002 to

1149 3019 1274 3068 really
1294 3020 1518 3070 important
1538 3031 1749 3057 concerns.

1202 3071 1286 3115 42.
1317 3073 1521 3112 Votieno
1544 3074 1798 3111 Montano:
1821 3085 1875 3110 an
1889 3084 1976 3110 ora-

1147 3131 1212 3166 tor
1226 3127 1275 3166 of
1288 3139 1404 3167 some
1419 3126 1671 3173 distinction,
1681 3148 1736 3155 —
1745 3125 1978 3171 rarissimi,
