2170 3488
189 261 271 304 364
978 259 1233 300 TACITUS.
1767 258 1919 311 [Boon
1946 259 2022 300 vl.
2138 246 2141 258 ³

275 396 366 460 tis,
411 396 542 465 quid
587 412 785 464 repens
830 404 926 448 aut
969 402 1252 448 vetustate
1303 396 1635 448 obscurum:
1686 395 1915 462 perinde
1964 394 2022 447 in

275 486 411 549 for0,
441 486 496 537 in
535 485 800 547 convivi0‚
843 502 1059 553 quaqua
1097 485 1165 536 de
1203 501 1263 537 re
1301 484 1472 537 locuti
1510 484 1922 546 incusabantur,
1960 491 2022 536 ut

277 572 400 641 quis
426 572 750 640 praevenire
777 579 835 623 et
862 588 1017 622 reum
1044 570 1323 623 destinare
1349 578 1621 638 properat,
1650 587 1776 638 pars
1804 571 1873 622 ad
1900 571 2024 622 sub·
2129 631 2137 643 Δ

279 658 478 711 sidium
518 657 618 720 sui,
648 658 834 725 plures
873 655 1067 709 infecti
1106 657 1262 725 quasi
1293 657 1609 709 valetudine
1649 665 1704 708 et
1744 664 2017 710 contacta.
2100 662 2106 727 j

218 768 241 807 5
284 744 395 798 Sed
423 743 704 796 Minucius
732 751 788 795 et
818 743 1088 796 Servaeus
1128 743 1374 795 damnati
1412 743 1685 795 indicibus
1721 759 2019 796 accessere.

278 831 578 898 Tractique
624 837 753 882 sunt
798 829 854 881 in
901 847 1089 882 casum
1135 831 1371 882 eundern
1421 829 1593 881 Iulius
1638 829 1940 882 Africanus
1991 847 2023 883 e

281 917 543 970 Santonis
590 916 803 969 Gallica
847 916 1085 978 civitate,
1137 916 1298 969 Seius
1346 916 1701 984 Quadratus:
1752 915 2022 984 originem

217 1018 243 1055 6
281 1021 392 1055 non
431 1002 662 1071 repperi.
746 1003 943 1070 Neque
982 1020 1105 1054 sum
1143 1003 1368 1071 ignarus
1410 1019 1443 1054 a
1482 1002 1759 1070 plerisque
1799 1002 2026 1070 scripto·

278 1090 429 1142 ribus
470 1090 676 1142 omissa
716 1089 1015 1141 multorum
1057 1089 1299 1157 pericula
1339 1096 1395 1140 et
1436 1106 1658 1156 poenaS‚
1697 1089 1828 1140 dum
1868 1088 2026 1156 copia
2106 1093 2117 1154 ζ,

278 1176 546 1229 fatiscunt
591 1183 701 1238 aut,
744 1192 884 1243 quae
930 1175 1064 1243 ipsis
1109 1175 1279 1227 nimia
1323 1182 1379 1227 et
1424 1183 1636 1227 maesta
1678 1175 1915 1238 fuerant,
1954 1192 2025 1227 ne
2101 1177 2127 1238 j.

279 1262 395 1330 pari
440 1262 622 1314 taedio
666 1262 908 1314 lecturos
952 1263 1253 1314 adficerent
1301 1269 1596 1314 verentur:
1646 1261 1806 1313 nobis
1856 1261 2026 1328 plera·
2092 1256 2119 1320 ζ

280 1366 386 1417 que
436 1349 604 1417 digna
654 1348 881 1417 cognitu
931 1349 1223 1411 obvenere,
1277 1365 1607 1417 quamquam
1658 1348 1727 1399 ab
1777 1347 1897 1399 aliis
1937 1347 2026 1399 -in-

279 1438 564 1492 celebrata.
1648 1486 1653 1490 .
2100 1498 2115 1502 ,,

146 1544 175 1589 4
214 1531 243 1576 8
357 1525 501 1577 Nam
530 1541 595 1577 ea
619 1533 970 1592 tempestate,
999 1542 1106 1593 qua
1134 1525 1323 1577 Seiani
1349 1524 1647 1578 amicitiam
1676 1523 1847 1576 ceteri
1883 1522 2024 1576 falso
2097 1539 2119 1596 3

280 1622 560 1676 exuerant,
590 1632 757 1666 ausus
784 1622 870 1666 est
898 1631 1066 1682 eques
1097 1616 1385 1666 Romanus
1415 1614 1490 1666 M.
1521 1613 1834 1675 Terentius,
1863 1614 1934 1666 ob
1968 1613 2023 1665 id

279 1718 421 1763 reuS,
451 1700 723 1768 amplecti,
752 1702 821 1752 ad
848 1701 996 1753 hunc
1023 1701 1245 1752 modum
1273 1701 1419 1768 apud
1447 1708 1702 1752 senatum
1729 1700 2037 1754 ordiendo:

220 1811 244 1837 2
286 1789 597 1839 ‘Fortunae
623 1787 844 1855 quidem
883 1804 1040 1838 meae
1077 1786 1316 1838 fortasse
1355 1786 1539 1838 minus
1575 1785 1829 1854 expediat
1861 1804 2025 1854 agno·

280 1890 434 1926 scere
461 1873 670 1926 crimen
697 1891 859 1942 quam
899 1874 1176 1926 abnuere:
1228 1874 1326 1925 sed
1366 1881 1665 1941 utcumque
1703 1890 1898 1925 casura
1934 1890 2022 1925 res

280 1968 382 2023 est,
417 1960 636 2012 fatebor
673 1968 728 2012 et
766 1958 938 2012 fuisse
977 1977 1066 2012 me
1108 1960 1310 2012 Seiano
1349 1959 1601 2022 amicum,
1643 1967 1700 2011 et
1740 1966 1800 2011 ut
1839 1976 2020 2011 essem
2113 2011 2117 2021 2

217 2070 241 2107 3
281 2046 571 2114 expetisse,
613 2054 669 2098 et
708 2055 1000 2114 postquam
1039 2047 1273 2113 adeptus
1313 2063 1461 2098 eram
1500 2045 1779 2098 laetatum.
1858 2045 2023 2098 Vide·
2080 2042 2114 2088 ε’

278 2150 393 2184 ram
421 2133 689 2200 collegam
716 2132 887 2200 patris
919 2133 1178 2200 regendis
1209 2132 1498 2200 praetoriis
1530 2132 1867 2195 cohortibuS,
1895 2149 2022 2184 mox

215 2246 242 2282 4
281 2221 430 2273 urbis
458 2230 515 2273 et
542 2221 768 2272 militiae
795 2221 984 2273 munia
1017 2221 1179 2273 simul
1218 2222 1531 2274 obeuntem.
1614 2222 1767 2273 Illius
1805 2222 2022 2289 propin-

277 2307 370 2376 qui
398 2316 453 2359 et
481 2308 691 2359 adfines
719 2308 1019 2381 honoribus
1046 2309 1423 2375 augebantur3
1463 2316 1523 2360 ut
1555 2308 1787 2376 quisque
1819 2308 2019 2360 Seiano

277 2393 518 2455 intimus,
554 2393 631 2444 ita
664 2394 733 2444 ad
771 2393 1023 2445 Caesaris
1061 2393 1359 2445 amicitiam
1392 2394 1638 2447 validus:
1677 2402 1872 2446 contra
1907 2395 2020 2463 qui-

277 2481 380 2532 bus
420 2479 671 2531 infensus
711 2487 876 2542 esset,
917 2487 1071 2531 metu
1121 2497 1185 2533 ac
1236 2480 1488 2532 sordibus
1541 2480 2014 2533 conflictabantur.

2072 2510 2107 2738 25

326 2630 367 2669 4.
396 2630 565 2670 repens
584 2636 624 2653 =
647 2632 785 2658 recens
796 2633 814 2664 ,·
853 2632 878 2658 a
915 2619 1104 2671 frequent
1245 2620 1489 2660 Santonis:
1505 2619 1577 2660 the
1591 2621 1766 2660 modern
1779 2620 2018 2672 Saintonge,

274 2686 345 2712 use
364 2673 412 2712 of
426 2673 497 2712 the
515 2674 629 2712 word
649 2673 693 2712 in
709 2673 888 2712 Tacitus.
1188 2687 1243 2713 on
1263 2675 1334 2713 the
1355 2675 1441 2725 Bay
1460 2674 1508 2713 of
1524 2675 1681 2725 Biscay.

326 2729 386 2768 ad
437 2729 703 2769 subsidium
761 2728 853 2775 sui,
909 2727 958 2766 in
1012 2728 1105 2781 seff-
1242 2729 1498 2780 originem:
1533 2730 1597 2768 i.e.
1618 2729 1666 2768 of
1681 2729 1809 2769 Seius.
2077 2761 2084 2774 ‚

272 2781 445 2834 defence.
1242 2781 1293 2826 8.
1323 2795 1460 2822 nam:
1491 2783 1590 2823 here
1613 2785 1715 2823 used
1738 2789 1781 2823 to
1801 2783 2018 2823 introduce

325 2835 593 2875 valetudine
641 2842 687 2874 et
733 2842 965 2884 contactu,
1008 2849 1101 2875 con·
1186 2850 1242 2878 an
1261 2838 1461 2890 example.

270 2891 412 2942 tagion
424 2904 443 2936 ,·
477 2903 502 2929 a
521 2890 763 2941 hendiadys.
1242 2899 1478 2941 exuerant,
1497 2893 1589 2932 had
1601 2893 1852 2933 disclaimed.
2097 2942 2099 2946 ι

328 2955 364 2998 5.
398 2946 633 2986 indicibus
691 2957 955 2986 accessere:
1016 2945 1102 2986 like
1242 2957 1279 2998 3.
1309 2948 1539 3000 collegam
1559 2949 1728 3001 patris-2
1751 2961 1821 2988 see
1841 2949 1959 2998 1:24.
1979 2958 2016 2999 3.
2073 2951 2078 2955 '

273 3000 530 3040 Paconianus
554 2999 615 3051 (3.
642 2999 705 3053 5).
1242 3003 1371 3043 urbis
1396 3032 1406 3042 .
1431 3033 1442 3043 .
1468 3032 1478 3043 .
1503 3003 1687 3042 munia:
1721 3009 1794 3042 not
1823 3016 1867 3042 as
1886 3009 2015 3055 prae·
2070 3018 2097 3045 f·

328 3055 477 3094 Iulius
547 3055 820 3094 Africanus:
900 3054 1102 3107 probably
1183 3057 1321 3110 fictus
1350 3057 1468 3096 urbis
1490 3057 1594 3109 (this
1617 3069 1700 3096 was
1728 3057 1881 3096 Lucius
1909 3057 2014 3105 Piso,
2072 3077 2096 3097 ι-

271 3107 404 3147 father
437 3108 486 3147 of
517 3109 589 3148 the
623 3108 925 3160 distinguished
963 3115 1101 3148 orator
1189 3121 1251 3150 10.
1282 3110 1346 3164 5),
1374 3111 1449 3150 but
1479 3123 1525 3150 as
1556 3111 1628 3151 the
1661 3112 1885 3163 emperor's
1917 3123 2008 3150 con·
2065 3105 2094 3162 ξ

270 3161 318 3201 of
331 3163 372 3201 N
375 3164 480 3202 ero’s
500 3163 599 3202 time
624 3163 788 3215 (Quint.
807 3177 845 3202 x.
870 3173 904 3202 1.
929 3162 1044 3216 118).
1185 3164 1371 3204 fidential
1391 3165 1567 3205 adviset.
2062 3164 2096 3250 ’ἕ
