2170 3488
178 231 261 275 336
969 234 1223 276 TACITUS.
1750 233 1903 287 [Boox
1930 234 2005 276 IV.

182 377 243 422 74
337 371 559 424 Clarum
604 372 732 424 inde
777 371 924 423 inter
962 371 1268 423 Germanos
1315 371 1553 423 Frisium
1594 388 1812 434 nomen,
1853 370 2007 423 dissi-

263 457 508 510 mulante
558 458 781 510 Tiberio
832 459 1046 520 damna,
1101 475 1172 510 ne
1222 458 1311 509 cui
1373 458 1577 510 bellum
1641 458 2001 525 permitteret.

204 567 229 594 2
269 545 464 612 Neque
505 552 730 596 senatus
770 544 826 595 in
866 561 931 596 eo
971 561 1100 596 cura
1138 561 1208 595 an
1247 544 1460 612 imperii
1498 552 1744 597 extrema
1774 544 2008 597 dehone-

265 638 579 694 starentur3
642 647 811 698 pavor
872 631 1123 683 internus
1192 638 1554 698 occupaverat
1626 631 1854 693 animOS‚
1918 630 2007 683 cui

204 741 228 778 3
267 717 570 769 remedium
615 717 930 769 adulatione
975 718 1353 786 quaerebatur.
1436 718 1523 770 Ita
1562 710 1892 786 quamquam
1933 716 2009 769 di-

263 804 438 856 versis
466 821 631 872 super
656 805 820 856 rebus
848 803 1284 867 consulerentur,
1309 821 1458 855 aram
1487 804 1828 866 clementiae,
1857 821 2004 855 aram

264 890 552 952 amicitiae,
578 891 900 959 effigiesque
922 890 1130 943 circum
1155 891 1409 943 Caesaris
1430 908 1493 943 ac
1518 890 1704 943 Seiani
1725 907 2004 952 censuere,

265 977 581 1045 crebrisque
633 978 889 1044 precibus
941 977 1319 1045 efflagitabant
1370 977 1585 1031 visendi
1648 977 1733 1029 sui
1795 976 2008 1044 copiam

204 1069 230 1125 4
266 1064 527 1116 facerent.
610 1065 739 1116 Non
779 1064 856 1115 illi
886 1072 1076 1116 tamen
1109 1064 1167 1116 in
1198 1065 1391 1116 urbem
1423 1071 1517 1116 aut
1549 1064 1855 1132 propinqua
1888 1063 2009 1115 urbi

266 1150 514 1219 degressi
566 1158 728 1204 sunt:
792 1151 927 1203 satis
977 1151 1158 1203 visum
1223 1151 1480 1203 omittere
1542 1150 1776 1202 insulam
1841 1157 1897 1202 et
1951 1149 2009 1201 in

205 1260 228 1299 5
269 1237 515 1306 proximo
562 1237 897 1305 Campaniae
943 1237 1129 1305 aspici.
1231 1238 1315 1289 Eo
1366 1238 1556 1289 venire
1606 1245 1790 1305 patres
1841 1253 2009 1305 eques

266 1341 468 1392 magna
511 1341 637 1392 pars
683 1324 875 1392 plebiS‚
923 1324 1069 1376 anxii
1115 1341 1246 1393 erga
1292 1325 1569 1386 Seianum,
1618 1324 1774 1376 cuius
1825 1323 2012 1377 durior

268 1428 613 1479 congressuS‚
643 1419 810 1479 atque
837 1428 903 1463 eo
930 1428 1029 1479 per
1054 1412 1323 1463 ambitum
1362 1419 1418 1463 et
1458 1411 1725 1464 societate
1763 1409 2013 1463 consilio-

206 1513 232 1549 6
270 1516 391 1550 rum
419 1499 727 1566 parabatur.
809 1498 957 1551 Satis
985 1499 1276 1550 constabat
1305 1506 1522 1550 auctam
1555 1498 1606 1549 ei
1643 1497 2010 1565 arrogantiam

267 1585 491 1637 foedum
530 1585 664 1636 illud
702 1585 758 1636 in
797 1585 1087 1653 propatulo
1127 1585 1411 1637 servitium
1459 1584 1766 1652 spectanti;
1810 1584 2013 1652 quippe

271 1673 484 1724 Romae
517 1672 661 1724 sueti
701 1672 999 1734 discursuS‚
1035 1680 1091 1724 et
1131 1671 1512 1740 magnitudine
1551 1671 1702 1723 urbis
1741 1671 2040 1723 incertum⁴

269 1759 415 1827 quod
442 1758 674 1827 quisque
700 1759 769 1810 ad
796 1759 1080 1826 negotium
1108 1766 1337 1826 pergat:
1375 1758 1452 1811 ibi
1491 1775 1684 1825 campo
1722 1765 1817 1810 aut
1854 1757 2013 1808 litore

270 1845 516 1897 iacentes
544 1845 694 1896 nullo
721 1845 1038 1897 discrimine
1065 1853 1284 1897 noctem
1313 1863 1376 1897 ac
1408 1845 1554 1897 diem
1594 1845 1745 1896 iuxta
1780 1843 2013 1912 gratiam

270 1939 364 1983 aut
403 1932 581 1983 fastus
621 1931 914 1983 ianitorum
955 1931 1422 2000 perpetiebantur,
1464 1932 1640 1983 donec
1691 1931 1747 1982 id
1798 1946 2014 1998 quoque

208 2042 233 2079 ⁷
271 2018 504 2070 vetitum
524 2035 536 2081 ;
583 2025 639 2070 et
685 2035 947 2070 revenere
992 2018 1048 2070 in
1094 2018 1288 2070 urbem
1329 2017 1531 2086 trepidi
1575 2034 1723 2086 quos
1753 2034 1866 2069 non
1908 2033 2016 2068 ser-

271 2122 448 2167 mone,
478 2122 590 2156 non
615 2105 738 2156 visu
765 2105 1026 2173 dignatus
1058 2112 1191 2167 erat,
1221 2104 1442 2173 quidam
1475 2103 1617 2156 male
1655 2104 1864 2155 alacres
1904 2102 2017 2170 qui·
2096 2112 2105 2119 “

271 2192 375 2243 bus
402 2191 677 2243 infaustae
702 2191 978 2243 amicitiae
1004 2191 1187 2259 gravis
1214 2191 1392 2243 exitus
1418 2190 1753 2242 imminebat.

345 2277 608 2330 Ceterum
634 2277 890 2329 Tiberius
918 2286 1145 2345 neptem
1174 2277 1542 2346 Agrippinam
1571 2275 1900 2329 Germanico
1939 2292 2018 2327 or·

271 2372 386 2416 tam
427 2381 552 2416 cum
591 2380 776 2416 coram
817 2364 917 2417 Cn.
963 2364 1213 2416 Domitio
1251 2363 1586 2425 tradidisset,
1614 2362 1672 2414 in
1710 2363 1847 2414 urbe
1885 2362 2020 2414 cele·

2095 1182 2129 1747 mmaffimssmaememmms
2095 560 2130 1162 &Qx2zmmroeffl
2099 515 2101 517 ·

2118 2076 2122 2084 -
2118 2045 2122 2052 .
2116 2016 2123 2028 ,
2087 1868 2124 1976 {stifft
2094 1747 2125 1846 :taff-23³:

190 2284 251 2330 75

272 2561 405 2600 many
426 2547 503 2601 (13
528 2549 612 2588 and
636 2548 726 2600 14),
743 2548 839 2588 who
867 2548 979 2589 lived
1006 2547 1051 2588 in
1078 2562 1104 2589 a

270 2603 376 2643 kind
406 2603 456 2648 of
483 2603 671 2642 baronial
703 2603 819 2654 style,
848 2604 1105 2644 surrounded

270 2658 326 2709 by
344 2658 451 2696 their
470 2658 612 2697 armed
631 2658 829 2697 retainers
853 2657 1075 2710 (comites).

330 2710 411 2754 74.
460 2724 519 2752 ne
548 2712 640 2760 cui,
669 2717 771 2752 etc.:
814 2713 845 2752 it
873 2713 908 2751 is
935 2713 1106 2764 implied

271 2766 361 2807 that
383 2767 437 2806 he
456 2779 540 2806 was
559 2766 774 2818 unwilling
792 2772 836 2806 to
857 2772 1014 2806 entrust
1033 2767 1105 2807 the

271 2834 355 2860 war
383 2827 427 2861 to
456 2834 536 2872 any
556 2822 825 2861 commander
850 2821 944 2860 who
972 2822 1106 2873 might

272 2875 326 2926 by
338 2876 389 2915 its
401 2889 545 2916 means
556 2877 672 2918 build
685 2891 740 2931 up
756 2891 781 2918 a
799 2878 975 2929 military
986 2891 1105 2930 repu-

272 2931 405 2970 tation
424 2933 559 2972 which
578 2933 716 2973 would
734 2934 788 2974 be
808 2935 1055 2985 dangerous.

329 2997 366 3038 3.
410 3000 714 3040 quamquam,
753 2994 855 3029 etc.:
908 2989 971 3029 τῖε.
1010 2989 1109 3040 they

272 3047 383 3081 went
396 3042 562 3094 beyond
578 3043 649 3082 the
664 3042 853 3083 business
867 3042 954 3084 laid
964 3043 1108 3084 before

274 3095 400 3143 them,
421 3104 464 3136 to
483 3102 579 3137 vote
600 3097 717 3137 these
736 3098 904 3138 honors.

329 3150 517 3205 circum,
537 3165 591 3196 on
610 3151 741 3198 either
756 3151 855 3196 side.

1244 2558 1281 2602 5.
1310 2549 1486 2590 durior:
1521 2549 1584 2588 i.e.
1604 2548 1707 2588 than
1724 2547 1879 2589 before.

1243 2615 1552 2654 congressus:
1584 2616 1635 2642 sc.
1657 2609 1767 2642 erat.

1244 2659 1467 2698 societate
1504 2657 1832 2697 consiliorum:
1874 2655 2020 2696 admit·

1189 2712 1279 2763 ting
1297 2713 1385 2751 him
1405 2718 1448 2751 to
1468 2712 1575 2751 their
1595 2711 1794 2750 counsels.

1244 2768 1504 2819 parabatur,
1526 2766 1563 2805 it
1578 2778 1666 2805 was
1682 2765 1878 2811 secured,·
1907 2765 2023 2804 these

1188 2835 1296 2862 were
1327 2822 1398 2861 the
1428 2820 1525 2872 only
1553 2832 1697 2860 means
1725 2825 1769 2860 to
1799 2819 1942 2860 obtain
1970 2832 2025 2859 an

1191 2877 1405 2917 audience.

1248 2945 1283 2986 7.
1313 2934 1506 2983 alacres,
1527 2934 1577 2974 in
1589 2934 1699 2986 good
1709 2933 1866 2986 spirits.

1247 2989 1501 3030 infaustae:
1542 2988 1742 3040 referring
1778 2993 1822 3028 to
1855 2987 1927 3027 the
1955 2985 2026 3027 fall

1193 3043 1241 3084 of
1255 3043 1442 3096 Sejanus,
1462 3049 1544 3084 two
1562 3055 1681 3095 years
1698 3043 1814 3083 later.

1250 3096 1330 3142 75.
1371 3099 1454 3139 Cn.
1477 3098 1710 3138 Domitio:
1739 3096 1953 3137 described
1971 3095 2027 3147 by
2099 3088 2102 3090 ’

1195 3152 1416 3194 Suetonius
1443 3152 1592 3203 (Nero,
1617 3151 1663 3206 5)
1692 3164 1738 3192 as
1765 3151 1882 3191 omni
1900 3155 2028 3203 parte
