2170 3488
30 195 34 199 “
122 202 130 233 -’
174 208 281 251 A.D.
303 206 391 260 ω]
960 208 1204 249 ANNALS.
1919 206 2001 249 207

94 359 110 411 ss.
175 343 534 402 ambitionem
567 344 750 395 studia
786 344 1038 406 militum,
1067 344 1234 396 armis
1261 344 1497 412 repetita
1522 344 1815 412 provincia,
1844 361 1912 396 an

93 470 109 484 „
175 429 314 486 falsa
338 429 475 481 haec
499 429 557 480 in
584 430 758 481 maius
784 430 1131 497 vulgaverint
1158 438 1522 493 accusatoreS,
1553 448 1783 499 quorum
1811 447 1915 498 ego

26 519 37 579 ξ
175 515 360 567 nimiis
399 516 596 567 studiis
635 516 752 567 iure
791 533 1108 568 succenseo.
1186 518 1332 569 Nam
1367 534 1475 585 quo
1513 517 1781 585 pertinuit
1820 534 1915 568 nu·
1952 541 1976 576 7

26 607 32 621 ·’
92 618 100 643 ’-
149 588 305 654 Ἴἀτη-6
343 619 540 669 corpus
580 610 635 653 et
681 604 1136 655 contrectandum
1174 603 1326 671 vulgi
1365 603 1537 655 oculis
1576 601 1941 671 permittere,‘

23 682 35 722 *³
102 760 106 762 .
175 689 492 757 differrique
529 689 697 740 etiam
735 706 835 756 per
872 676 1129 741 externos
1173 698 1454 758 tamquam
1492 707 1708 741 veneno
1751 690 1917 742 inter-

31 764 33 766 ·
105 790 110 792 ’
163 783 368 847 'ceptus
407 783 570 837 esset,
614 775 661 827 si
699 775 912 827 incerta
947 776 1126 828 adhuc
1165 776 1273 833 ista
1311 785 1366 828 et
1406 778 1703 829 scrutanda
1745 777 1914 829 sunt?

30 916 34 918 ,
99 910 105 923 2
174 861 369 913 Defleo
407 862 664 930 equidem
705 862 876 913 filium
916 879 1100 914 meum
1143 880 1470 932 semperque
1515 863 1764 915 deflebo:
1815 863 1912 914 sed
1953 878 1975 912 8

26 933 31 936 ’
102 987 107 989 -
172 964 354 1016 neque
381 965 533 999 reum
561 948 827 1015 prohibeo
854 966 962 1016 quo
989 950 1173 1001 minus
1201 958 1404 1002 cuncta
1428 950 1684 1016 proferat,
1714 949 1913 1017 quibus

91 1036 124 1080 ζ·
172 1033 492 1086 innocentia
517 1035 634 1086 eius
668 1035 940 1087 sublevari
966 1044 1077 1097 aut,
1108 1036 1154 1087 si
1192 1053 1300 1103 qua
1335 1036 1441 1087 fuit
1481 1036 1742 1103 iniquitas
1783 1035 1916 1087 Ger-

96 1144 98 1147 >
172 1120 387 1183 manici,
429 1121 653 1189 coargui
690 1122 882 1188 possit,
910 1139 1119 1190 vosque
1157 1139 1252 1173 oro
1290 1139 1376 1184 ne,
1415 1122 1542 1190 quia
1579 1122 1752 1173 dolori
1790 1139 1913 1174 meo

106 1207 116 1250 ’-
173 1224 340 1262 causa
384 1225 592 1260 conexa
636 1216 737 1270 est,
785 1208 1002 1260 obiecta
1052 1209 1280 1260 crimina
1329 1226 1427 1276 pro
1472 1208 1786 1276 approbatis
1831 1225 1915 1260 ao-

99 1344 102 1356 ]
159 1293 402 1361 rcipiatis.
485 1294 545 1346 Si
584 1312 722 1362 quos
759 1295 1100 1363 propinquus
1141 1295 1365 1363 sanguis
1405 1303 1499 1346 aut
1535 1295 1671 1346 fides
1700 1312 1799 1346 sua
1823 1312 1912 1362 pa·
1951 1319 1976 1354 9

101 1423 104 1427 .
172 1387 362 1432 tronos
389 1381 556 1443 dedit,
587 1389 855 1449 quantum
884 1382 1116 1450 quisque
1144 1382 1459 1449 eloquentia
1497 1389 1553 1432 et
1594 1398 1723 1433 cura
1747 1381 1909 1442 valet,

83 1457 107 1534 s
172 1466 357 1518 iuvate
382 1467 803 1534 periclitantem.
868 1468 963 1519 Ad
989 1469 1224 1520 eundem
1251 1468 1510 1529 laborem,
1534 1468 1765 1519 eandem
1793 1484 1915 1519 con-

92 1546 108 1595 ἶ
172 1553 434 1606 stantiam
461 1562 809 1606 accusatores
837 1555 1037 1606 hortor.
1105 1555 1169 1605 Id
1197 1554 1371 1606 solum
1397 1554 1725 1606 Germanico
1748 1570 1913 1620 super
1955 1577 2000 1603 10

107 1703 114 1710 ἡ
171 1639 324 1708 leges
350 1640 805 1708 praestiten‘muS,
834 1642 981 1709 quod
1008 1641 1065 1692 in
1092 1641 1244 1693 curia
1268 1641 1452 1708 potius
1480 1657 1644 1708 quam
1682 1640 1739 1691 in
1777 1640 1910 1701 foro,

106 1769 127 1803 5.
171 1730 318 1797 apud
345 1738 599 1781 senatum
627 1748 791 1798 quam
818 1732 962 1798 apud
1002 1730 1211 1782 iudices
1251 1731 1319 1782 de
1358 1738 1535 1781 morte
1574 1730 1691 1780 eius
1730 1729 1916 1796 anqui-

172 1815 338 1879 ritur;
391 1824 576 1868 cetera
625 1817 742 1884 pari
786 1817 1058 1868 modestia
1107 1824 1427 1868 tractentur.
1509 1817 1689 1866 Nemo
1741 1815 1910 1866 Drusi
1956 1839 1997 1864 11

89 1886 105 1977 s
171 1900 436 1965 lacrimas,
466 1920 629 1954 nemo
656 1903 987 1955 maestitiam
1015 1920 1195 1955 meam
1224 1910 1454 1970 spectet,
1485 1919 1586 1954 nec
1627 1902 1674 1952 si
1712 1918 1819 1969 qua
1857 1901 1913 1952 in

96 1984 99 1986 ’
171 2005 274 2040 nos
299 1990 530 2041 adversa
555 1989 873 2057 finguntur.'

247 2075 408 2127 Exim
449 2076 677 2128 biduum
717 2077 1040 2129 criminibus
1079 2077 1383 2129 obiciendis
1424 2075 1699 2137 statuitur,
1743 2082 1913 2142 utque
1937 2080 1997 2124 13

173 2177 269 2212 sex
295 2161 506 2213 dierum
534 2163 712 2229 spatio
739 2163 1030 2215 interiecto
1059 2180 1184 2215 reus
1211 2180 1309 2230 per
1329 2163 1571 2213 triduum
1598 2161 1915 2212 defendere-

91 2242 145 2303 ῄ-
169 2254 276 2300 tur.
354 2249 499 2299 Tum
530 2249 814 2301 Fulcinius
840 2257 1030 2301 vetera
1056 2257 1111 2301 et
1147 2249 1332 2300 inania
1369 2249 1592 2309 orditur,
1623 2247 1911 2298 ambitiose
1952 2270 1976 2295 2

108 2388 110 2392 ,
173 2349 444 2402 avareque
482 2335 726 2387 habitam
769 2336 1132 2403 Hispaniam3
1185 2336 1330 2403 quod
1375 2351 1554 2402 neque
1599 2333 1912 2385 convictum

109 2558 115 2568 ἲ
227 2513 265 2554 6.
303 2515 519 2566 repetita:
575 2528 631 2555 on
672 2516 738 2556 his
776 2523 916 2556 return
960 2523 1004 2557 to
1138 2517 1383 2563 modestia,
1406 2515 1703 2566 impartiality.

96 2582 115 2613 j
173 2567 300 2619 Syria,
315 2569 418 2608 after
431 2570 502 2609 the
515 2571 642 2610 death
655 2571 703 2610 of
720 2571 1002 2612 Germanicus.
1143 2583 1204 2611 11.
1236 2578 1428 2622 spectet,
1454 2571 1559 2608 have
1582 2568 1740 2620 regard
1758 2574 1794 2607 to
1806 2582 1826 2614 ,·
1862 2567 1915 2606 be

94 2625 111 2631 ’
159 2630 163 2631 ’
226 2623 385 2672 nimiis
407 2625 589 2672 studiis,
610 2627 806 2665 excessive
822 2628 922 2666 zeal.
1082 2627 1248 2666 biassed
1268 2626 1332 2676 by.

228 2686 265 2729 7.
294 2689 403 2729 quo,
423 2679 537 2718 what
552 2680 644 2719 end.
1139 2682 1182 2721 si
1201 2693 1296 2731 qua
1321 2710 1330 2719 .
1357 2710 1367 2719 .
1393 2710 1402 2719 .
1427 2680 1688 2729 finguntur:
1720 2676 1917 2727 knowing

226 2732 408 2780 differri,
424 2739 461 2772 to
475 2734 529 2772 let
539 2734 603 2773 the
617 2741 758 2787 repert
768 2736 812 2774 be
824 2736 985 2788 spread.
1084 2737 1155 2775 the
1186 2735 1416 2787 suspicions
1446 2733 1704 2772 entertained
1732 2731 1780 2770 of
1812 2731 1916 2769 him-

225 2793 492 2839 tamquam:
527 2789 627 2828 Intr.
650 2800 699 2842 35
712 2790 752 2842 j.
1084 2790 1173 2830 self.

225 2840 265 2881 8.
293 2842 532 2894 iniquitas,
554 2846 810 2898 unfairneSS.
1141 2843 1222 2887 13.
1263 2855 1300 2883 2.
1330 2844 1564 2883 habitam:
1599 2842 1662 2880 zle.
1692 2853 1737 2880 as
1765 2840 1918 2891 legatus

95 2926 113 2938 2
230 2906 291 2936 10.
320 2899 716 2950 praestiterimus:
750 2899 884 2938 future
911 2913 1004 2951 per·
1090 2899 1181 2952 (see
1207 2910 1267 2938 12.
1290 2910 1314 2937 2
1330 2898 1410 2948 n.).

171 2947 468 2998 secu—‘This
497 2954 519 2992 I
547 2954 654 2993 have
675 2954 827 2994 donez·
847 2954 869 2993 I
898 2954 1006 2993 shall
1140 2954 1426 2998 convictum,
1469 2951 1741 2991 defensum:
1793 2948 1918 3000 parti-

22 3020 35 3056 ·.⁸
97 3007 125 3060 ’
172 3003 423 3068 ‹lo-nothing
440 3009 580 3048 more!
1086 3009 1228 3060 ciples,
1243 3031 1298 3038 —
1314 3008 1362 3061 zf
1387 3005 1556 3058 proved,
1597 3005 1644 3057 if
1673 3002 1917 3055 disproved,·

226 3072 275 3100 m
312 3062 464 3102 curia:
509 3075 582 3103 see
614 3073 676 3106 10.
706 3073 731 3119 3
759 3076 801 3107 n,
830 3063 915 3107 and
945 3063 1005 3107 II,
1086 3075 1237 3102 noxae
1263 3063 1346 3101 and
1365 3059 1652 3100 absolutioni
1672 3071 1741 3097 are
1762 3057 1919 3097 datives

174 3121 239 3166 79.
258 3124 285 3155 2
302 3127 344 3158 n.
1087 3117 1136 3157 of
1159 3117 1328 3158 service.
