2170 3488
147 209 228 251 258

174 1321 198 1347 2
237 1298 402 1349 lubet.

938 193 1194 252 TAcrrUS.

171 370 196 407 3
235 346 504 398 fitendum
543 354 677 409 erat,
711 363 783 398 ne
820 347 1026 398 frustra
1063 346 1437 415 quaesivisset.

1712 210 1866 263 [Boox
1893 210 1973 252 111.

1519 347 1721 400 Servos
1760 364 1976 415 quoque

236 432 426 494 Silani,
482 439 544 484 ut
607 432 899 484 tormentis
963 433 1448 501 interrogarentur,
1510 441 1663 485 actor
1723 433 1974 500 publicus

233 518 509 586 mancipio
537 526 839 585 acceperat.

922 519 996 570 Et
1035 536 1106 570 ne
1133 519 1255 587 quis
1294 519 1727 572 necessariorum
1766 519 1976 571 iuvaret

232 605 652 674 periclitantem,
694 604 1002 657 maiestatis
1042 605 1271 658 crimina
1310 606 1701 668 subdebantur,
1734 605 1974 659 vinclum

234 701 290 744 et
317 692 620 744 necessitas
650 691 862 743 silendi.

311 779 489 847 Igitur
533 778 709 846 petito
756 795 1055 845 paucorum
1106 778 1318 830 dierum
1371 779 1664 831 interiectu
1709 778 1976 831 defensio-

234 882 361 917 nem
402 865 488 917 sui
527 864 785 947 deseruit,
828 864 977 916 ausis
1016 865 1084 915 ad
1125 864 1419 916 Caesarem
1459 865 1737 928 codicillis,
1779 866 1976 934 quibus

150 958 213 1003 68
234 952 492 1003 invidiam
538 959 594 1003 et
639 968 832 1019 preces
878 950 1187 1003 miscuerat.

1266 951 1524 1004 Tiberius
1569 969 1709 1020 quae
1748 952 1805 1003 in
1845 952 1983 1005 Sila-

234 1056 363 1089 num
394 1039 621 1106 parabat
649 1055 757 1106 quo
795 1037 1108 1090 excusatius
1149 1038 1253 1090 sub
1291 1038 1541 1106 exemplo
1579 1039 1975 1106 acciperentur,

234 1125 447 1177 libellos
476 1125 587 1176 divi
613 1124 863 1193 Augusti
890 1126 959 1176 de
984 1123 1190 1176 Voleso
1231 1125 1494 1176 Messalla
1531 1125 1778 1177 eiusdem
1805 1125 1980 1178 Asiae

234 1229 331 1278 pro
358 1211 584 1263 consule
610 1211 931 1279 factumque
952 1211 1008 1262 in
1029 1228 1156 1262 eum
1179 1219 1405 1263 senatus
1427 1212 1742 1263 consultum
1763 1212 1980 1264 recitari

483 1298 626 1348 Tum
671 1298 732 1349 L.
778 1298 1035 1349 Pisonem
1075 1297 1413 1349 sententiam
1453 1305 1623 1365 rogat.

1706 1297 1806 1349 Ille
1846 1298 1980 1364 mul—

234 1392 353 1435 tum
399 1385 467 1435 de
513 1384 807 1435 clementia
847 1383 1111 1451 principis
1153 1382 1433 1451 praefatus
1475 1401 1616 1452 aqua
1655 1392 1823 1452 atque
1863 1384 1979 1452 igni

237 1470 426 1523 Silano
483 1470 925 1522 interdicendum
990 1470 1207 1522 censuit
1272 1470 1563 1538 ipsumque
1625 1470 1683 1521 in
1744 1470 1975 1522 insulam

172 1581 197 1618 3
238 1557 484 1627 Gyarum
536 1557 906 1625 relegandum.

1014 1557 1224 1608 Eadem
1277 1556 1462 1618 ceteri,
1516 1556 1623 1608 nisi
1678 1557 1823 1625 quod
1875 1557 1974 1609 Cn.

236 1644 510 1695 Lentulus
563 1644 868 1710 separanda
914 1643 1087 1695 Silani
1132 1651 1382 1695 materna
1425 1643 1585 1705 bona,
1630 1643 1832 1711 quippe
1875 1643 1981 1695 alia
2038 1686 2042 1689 .
2100 1661 2110 1689 ς

231 1738 461 1797 parente
487 1729 678 1796 geniti,
703 1730 1090 1797 reddendaque
1117 1729 1229 1780 filio
1256 1729 1407 1790 dixit,
1432 1730 1712 1780 adnuente
1739 1729 1975 1781 Tiberio,

151 1823 215 1867 69
237 1816 318 1867 At
347 1815 636 1867 Cornelius
666 1815 955 1867 Dolabella
980 1816 1111 1866 dum
1137 1815 1509 1866 adulationem
1548 1815 1766 1882 longius
1806 1815 1981 1883 sequi-

233 1910 338 1964 tur,
380 1901 663 1969 increpitis
708 1901 767 1953 C.
814 1901 988 1954 Silani
1029 1901 1274 1953 moribus
1320 1901 1543 1964 addidit,
1585 1918 1656 1953 ne
1701 1901 1822 1969 quis
1866 1901 1980 1953 vita

233 1990 531 2056 probrosus
584 1996 641 2039 et
693 1995 917 2055 opertus
980 1987 1208 2039 infamia
1270 1987 1606 2055 provinciam
1671 1988 1976 2050 sortiretur,

174 2100 198 2125 2
237 2076 400 2143 idque
439 2075 694 2142 princeps
734 2074 1072 2127 diiudicaret.

1154 2075 1298 2126 Nam
1337 2092 1370 2126 a
1406 2074 1620 2142 legibus
1655 2074 1979 2142 delictapu-

233 2162 370 2213 niri:
411 2169 618 2229 quanto
644 2161 761 2213 sore
789 2161 977 2213 mitius
1016 2161 1072 2212 in
1112 2161 1277 2228 ipsos,
1306 2160 1502 2212 melius
1542 2161 1598 2212 in
1639 2161 1832 2223 socios,
1862 2178 1980 2228 pro-

233 2248 404 2299 videri
432 2265 501 2298 ne
528 2255 850 2314 peccaretur
872 2248 891 2299 ?

287 2409 624 2462 quaesivisset:
656 2422 707 2449 sc.
730 2409 933 2449 Tiberius.
995 2409 1066 2448 He

231 2464 369 2504 would
383 2465 436 2503 be
451 2464 632 2503 satisfied
645 2463 745 2502 with
761 2464 940 2515 nothing
953 2463 1067 2503 short

232 2519 280 2558 of
295 2519 542 2558 confession.

287 2584 324 2624 3.
355 2580 483 2613 actor
501 2573 741 2624 publicus:
774 2585 844 2612 see
865 2573 923 2612 II.
945 2583 1010 2623 30.
1028 2583 1064 2623 3.

286 2628 572 2667 necessitas:
607 2628 671 2667 i.e.
692 2633 735 2666 to
755 2627 821 2666 his
841 2627 1046 2667 kinsmen.

284 2694 324 2731 4.
355 2683 596 2729 invidiam,
617 2682 865 2733 reproaches.

286 2735 370 2780 68.
410 2749 555 2787 quae:
588 2736 738 2775 relates
758 2741 801 2775 to
831 2748 887 2775 ea
916 2737 1065 2775 under-

230 2793 364 2838 stood,
385 2790 543 2842 subject
563 2790 611 2829 of
625 2791 955 2842 acciperentur.

284 2846 462 2886 Voleso
507 2845 757 2884 Messalla:
801 2845 961 2884 Seneca
996 2844 1066 2896 (de

229 2901 323 2948 Ira,
344 2901 403 2940 II.
434 2899 481 2952 5)
505 2900 654 2939 relates
681 2900 773 2939 that
800 2899 844 2938 in
875 2912 955 2938 one
986 2900 1065 2950 day

229 2954 284 2994 he
330 2954 417 2994 had
462 2955 579 2993 three
625 2954 818 2993 hundred
856 2967 953 2992 men
992 2954 1063 2992 be·

229 3009 407 3055 headed,
421 3010 505 3048 and
521 3008 713 3047 incedens
729 3009 842 3047 inter
855 3008 1063 3046 cadavera

229 3063 351 3102 vultu
377 3063 546 3114 superbo
568 3092 578 3102 .
599 3093 609 3102 .
631 3092 641 3102 .
658 3076 806 3114 graece
823 3062 1063 3114 proclama-

230 3117 322 3157 vit:
352 3120 363 3139 ‘
376 3130 397 3156 0
417 3130 506 3156 rem
526 3118 715 3170 reg-iam)

1200 2420 1238 2450 2.
1278 2410 1331 2449 L.
1392 2410 1641 2450 Pisonem:
1710 2409 1880 2450 brother
1935 2408 1984 2450 of

1145 2464 1296 2504 Gnaeus
1320 2464 1414 2503 Piso
1423 2479 1434 2513 ;
1470 2477 1540 2503 see
1562 2465 1619 2504 II.
1642 2476 1706 2515 34.

1199 2520 1429 2569 Gyarum:
1463 2532 1544 2558 one
1566 2519 1614 2558 of
1628 2520 1698 2558 the
1720 2518 1931 2570 Cyclades.

1199 2574 1530 2624 relegandum:
1563 2587 1632 2612 see
1657 2584 1717 2625 17.
1740 2573 1765 2613 8
1783 2575 1825 2614 'n.

1199 2638 1237 2679 3.
1258 2628 1350 2668 alia
1370 2635 1585 2679 parente:
1609 2628 1810 2680 probably
1825 2641 1850 2667 a
1869 2633 1977 2680 step-

1144 2683 1321 2730 mother,
1341 2683 1482 2721 whose
1511 2685 1706 2734 property
1729 2682 1878 2722 should
1903 2688 1978 2722 not

1143 2737 1196 2776 be
1217 2737 1487 2785 confiscated3
1524 2750 1594 2775 see
1613 2738 1723 2788 App.
1746 2738 1780 2776 Ι.

1198 2789 1279 2834 69.
1321 2791 1585 2830 Dolabella:
1619 2791 1682 2830 for
1711 2791 1886 2830 another
1914 2792 1976 2830 in·

1143 2851 1286 2885 stance
1321 2846 1369 2884 of
1395 2846 1461 2885 his
1493 2846 1781 2896 subserviency
1811 2858 1882 2885 see
1909 2856 1976 2898 47.

1197 2955 1412 3005 longius:
1448 2954 1605 2994 further
1619 2955 1721 2994 than
1737 2955 1807 2994 the
1823 2954 1975 2994 others.

1199 3020 1236 3048 2.
1267 3010 1457 3049 delicta:
1492 3010 1554 3048 i.e.
1576 3009 1680 3048 after
1699 3009 1807 3048 their
1833 3022 1975 3047 occur-

1143 3064 1454 3110 rence,—how
1481 3063 1607 3102 much
1641 3063 1776 3104 better
1807 3068 1852 3102 to
1884 3076 1974 3116 pre-

1142 3123 1242 3157 vent
1260 3118 1387 3158 them.
