2170 3488
123 220 206 262 288
917 216 1173 257 TACITUS.
1695 214 1847 269 [Boon
1875 215 1948 255 1v.

210 372 338 408 nem
381 356 447 424 Q.
493 354 731 408 Granius
772 353 972 405 secreti
1019 351 1287 404 sermonis
1338 350 1611 404 incusavit
1661 351 1952 402 adversum

209 442 555 494 maiestatem
607 440 796 501 habiti,
845 438 1153 506 adiecitque
1203 438 1260 489 in
1305 438 1468 489 domo
1513 438 1632 489 eius
1677 453 1952 488 venenum

149 554 175 590 4
214 546 353 590 esse,
384 544 618 595 eumque
650 526 832 594 gladio
872 525 1180 577 accinctum
1219 524 1448 576 introire
1488 523 1708 575 curiam.
1790 523 1954 591 Quod

210 622 271 667 ut
299 614 539 666 atrocius
566 630 696 664 vero
733 611 1051 664 tramissum
1071 628 1084 674 ;
1124 618 1448 671 ceterorum,
1478 626 1617 678 quae
1658 609 1831 661 multa
1868 627 1955 661 cu-

211 701 576 761 mulabantur,
606 707 862 766 receptus
899 705 986 749 est
1025 714 1166 758 reus,
1197 713 1376 764 neque
1415 704 1671 764 peractus
1710 697 1780 747 ob
1818 713 1957 746 mor-

149 810 173 849 5
212 795 326 839 tem
354 793 738 853 opportunam.
820 784 1080 837 Relatum
1109 791 1164 835 et
1192 784 1260 834 de
1289 783 1483 835 Cassio
1513 782 1718 835 Severo
1750 782 1952 843 exsule,

212 873 304 941 qui
333 873 584 924 sordidae
612 871 862 940 originiS,
885 871 1167 922 maleficae
1192 871 1354 931 vitae,
1386 871 1483 921 sed
1511 868 1700 920 orandi
1726 868 1952 930 validus,

212 976 312 1027 per
337 958 657 1010 immodicas
685 956 1003 1009 inimicitias
1032 965 1092 1008 ut
1131 956 1332 1008 iudicio
1371 955 1532 1007 iurati
1571 962 1798 1007 senatus
1832 954 1958 1006 Cre·

211 1053 325 1096 tam
364 1052 712 1096 amoveretur
750 1044 1046 1106 effecerat;
1091 1050 1258 1110 atque
1297 1042 1406 1095 illic
1445 1043 1637 1094 eadem
1676 1042 1956 1094 actitando

212 1131 455 1183 recentia
485 1138 783 1198 veteraque
810 1130 935 1182 odia
972 1130 1223 1191 advertit,
1254 1129 1525 1197 bonisque
1551 1136 1767 1189 exutuS‚
1795 1128 1960 1180 inter-

213 1218 360 1269 dicto
386 1217 502 1285 igni
528 1225 693 1284 atque
721 1234 875 1284 aqua,
905 1233 1034 1267 saxo
1064 1216 1297 1283 Seripho
1325 1215 1628 1268 consenuit.

130 1310 191 1354 22
286 1304 389 1355 Per
426 1304 571 1355 idem
616 1311 836 1370 tempus
881 1302 1127 1354 Plautius
1175 1302 1432 1355 Silvanus
1474 1309 1695 1369 praetor
1733 1301 1958 1375 incertis

215 1389 395 1442 causis
423 1389 731 1456 Aproniam
760 1389 1052 1456 coniugem
1080 1389 1135 1440 in
1165 1405 1429 1456 praeceps
1465 1388 1610 1450 iecit,
1639 1396 1960 1457 tractusque

214 1477 283 1527 ad
323 1476 617 1527 Caesarem
656 1476 725 1527 ab
767 1476 828 1527 L.
872 1475 1126 1542 Apronio
1166 1492 1357 1527 socero
1395 1476 1619 1526 turbata
1658 1482 1846 1526 mente
1883 1491 1962 1525 re-

216 1562 453 1629 spondit,
482 1570 763 1629 tamquam
797 1562 915 1629 ipse
955 1579 1148 1613 somno
1188 1562 1369 1629 gravis
1407 1569 1574 1629 atque
1613 1578 1678 1613 eo
1716 1561 1957 1628 ignaruS,

157 1672 181 1698 2
218 1655 273 1700 et
319 1665 454 1699 uxor
498 1656 696 1715 sponte
741 1655 976 1699 mortem
1022 1648 1364 1714 sumpsisset.
1458 1648 1587 1698 Non
1633 1646 1962 1699 cunctanter
2036 1698 2041 1701 ,
2105 1673 2110 1692 r

217 1734 475 1786 Tiberius
502 1734 683 1802 pergit
713 1733 769 1784 in
797 1735 1036 1795 domum,
1065 1734 1194 1785 visit
1223 1734 1550 1795 cubiculum,
1574 1733 1631 1784 in
1659 1750 1766 1800 quo
1794 1733 1963 1785 reluc-

157 1845 181 1881 3
220 1820 392 1872 tantis
444 1828 500 1872 et
551 1820 822 1887 impulsae
870 1820 1107 1887 vestigia
1158 1821 1539 1872 cernebantur.
1646 1819 1843 1871 Refert
1893 1820 1962 1870 ad

219 1914 489 1968 senatum,
549 1907 803 1974 datisque
865 1906 1139 1958 iudicibus
1206 1906 1510 1974 Urgulania
1574 1905 1782 1958 Silvani
1842 1906 1964 1957 avia
2036 1941 2041 1943 -

219 1993 519 2060 pugionem
558 1993 747 2060 nepoti
786 1992 951 2044 misit.
1034 1993 1198 2060 Quod
1236 1992 1466 2060 perinde
1505 1992 1774 2050 creditum
1807 1992 1962 2060 quasi

219 2078 482 2146 principis
522 2079 751 2140 monitU,
786 2079 857 2130 ob
895 2078 1191 2130 amicitiam
1232 2078 1526 2146 Augustae
1566 2096 1690 2130 cum
1732 2078 1964 2146 Urgula-

161 2190 185 2225 4
222 2165 327 2218 nia.
408 2166 562 2216 Reus
601 2165 808 2216 frustra
843 2151 1118 2231 temptato
1149 2165 1295 2216 ferro
1321 2181 1490 2216 venas
1517 2164 1768 2232 praebuit
1796 2164 1964 2216 exsol-

219 2251 441 2302 vendas,
550 2252 684 2302 Mox
736 2251 1094 2314 Numantina,
1143 2251 1291 2318 prior
1340 2267 1476 2302 uxor
1525 2251 1659 2312 eius,
1707 2258 1964 2302 accusata

276 2421 314 2462 3.
340 2412 592 2451 adversum
614 2411 926 2459 maiestatem,
946 2417 1051 2450 trea-
1190 2411 1410 2455 advertit:
1442 2424 1493 2451 sc.
1514 2411 1562 2450 in
1583 2423 1647 2451 se.

219 2467 393 2505 sonable.
1190 2478 1328 2505 saxo:
1363 2466 1433 2504 the
1453 2466 1615 2513 barren,
1635 2465 1763 2516 rocky
1782 2465 1928 2505 island.

276 2521 446 2571 gladio,
469 2526 549 2560 etc.
567 2535 576 2559 :
609 2520 798 2571 carrying
825 2520 1051 2560 concealed
1191 2518 1273 2562 22.
1326 2521 1374 2559 in
1412 2532 1660 2572 praeceps:
1704 2525 1776 2559 out
1813 2520 1861 2559 of
1893 2520 1965 2560 the

221 2587 416 2627 weapons
435 2575 523 2613 into
543 2575 614 2614 the
634 2580 778 2613 senate
793 2587 877 2614 was
897 2574 1051 2626 strictly
1134 2575 1324 2614 window.

223 2630 458 2669 forbidden.
1191 2640 1228 2668 2.
1258 2641 1355 2668 non
1376 2636 1660 2676 cunctanter,
1681 2634 1777 2669 etc.:
1805 2642 1830 2668 a
1849 2629 1965 2668 strik-

278 2694 315 2736 5.
347 2684 513 2724 Cassio
536 2685 731 2724 Severo:
764 2696 833 2723 see
853 2684 887 2722 I.
911 2693 972 2735 72.
993 2695 1032 2733 4.
1136 2684 1209 2734 ing
1228 2684 1414 2736 example
1435 2684 1482 2722 of
1494 2684 1693 2722 Tiberius'
1708 2689 1966 2723 earnestness

277 2739 440 2779 orandi
468 2739 676 2778 validus:
709 2738 938 2789 Quintilian
962 2751 1052 2789 says
1135 2738 1178 2777 in
1199 2738 1270 2777 the
1290 2738 1619 2777 administration
1639 2738 1686 2777 of
1705 2737 1853 2790 justice
1861 2753 1873 2786 3
1911 2737 1962 2777 cf.

224 2793 271 2833 of
293 2794 381 2832 him
414 2793 490 2846 (X.
516 2804 548 2832 1.
575 2793 691 2844 116),
721 2794 887 2845 ingenii
906 2793 1051 2845 pluri·
1136 2793 1171 2832 Ι.
1194 2802 1257 2845 75.
1283 2803 1316 2832 1.

223 2862 340 2887 mum
365 2855 421 2887 est
445 2850 493 2887 z'n
518 2862 560 2887 eo
583 2854 622 2887 et
642 2849 844 2887 acerbitas
867 2849 996 2895 mira,
1017 2853 1056 2886 et
1192 2858 1228 2898 3.
1271 2848 1392 2888 datis
1429 2849 1687 2888 iudicibus:
1730 2848 1861 2887 either
1894 2848 1966 2888 the

225 2904 450 2942 urbanitas
496 2904 586 2942 eius
622 2916 800 2950 summa,
848 2903 921 2941 sed
952 2903 1053 2954 plus
1136 2902 1297 2953 regular
1317 2903 1505 2942 criminal
1526 2909 1655 2950 court,
1676 2908 1719 2942 to
1738 2903 1873 2942 which
1895 2903 1966 2942 the

223 2958 421 2996 stomacho
441 2971 568 3009 quam
589 2958 758 2996 consilio
777 2957 896 2995 dedit.
1136 2962 1278 2995 senate
1306 2957 1487 2996 referred
1509 2958 1580 2996 the
1610 2970 1715 3004 case,
1737 2970 1782 2996 or
1811 2971 1835 2996 a
1859 2956 1966 3007 judi-

278 3013 428 3059 iurati,
460 3025 513 3051 on
552 3013 657 3059 oatlz,
691 3025 716 3051 a
753 3024 868 3050 more
907 3010 1053 3050 formal
1137 3011 1217 3050 cial
1237 3012 1473 3050 committee
1494 3011 1542 3050 of
1563 3012 1635 3050 the
1656 3017 1797 3050 senate
1817 3011 1936 3050 itself.

223 3067 464 3118 procedure,
521 3067 758 3105 contrasted
816 3065 916 3105 with
981 3066 1052 3104 the
1193 3066 1447 3105 amicitiam
1469 3067 1735 3116 Augustae:
1762 3066 1819 3104 II.
1843 3076 1904 3115 34.
1929 3076 1964 3115 3.

224 3120 341 3160 usual
359 3121 542 3160 discessio
552 3134 572 3167 ,·
602 3120 654 3160 cf.
676 3121 710 3160 Ι.
734 3130 797 3172 74.
819 3129 857 3173 5.
1191 3132 1230 3167 4.
1260 3132 1408 3159 venas
1429 3121 1761 3160 exsolvendas:
1784 3120 1968 3172 opening
