2170 3488
969 236 1225 278 TACITUS.

181 236 261 279 188
1766 236 1919 291 [Boon
1946 239 2008 282 11.

262 374 388 425 dem
439 374 697 441 ingerens
750 381 805 424 et
856 389 970 424 rem
1022 371 1297 439 publicam
1336 373 1501 425 armis
1546 373 1694 441 peti;
1745 374 2006 443 ducitque

159 526 164 529 ⁸
261 460 494 511 validam
524 477 745 510 manum
775 467 830 510 et
858 458 1063 530 proelio
1090 466 1351 525 paratam.

177 551 243 597 80
336 546 454 597 Nec
502 546 639 606 Piso,
682 561 1012 613 quamquam
1058 552 1255 611 coepta
1293 561 1453 597 secus
1493 546 1779 608 cadebant,
1820 547 2007 598 omisit

240 622 540 684 ‘tutissima
567 649 597 682 e
625 631 1027 698 praesentibuS,
1048 631 1146 682 sed
1167 631 1456 683 castellum
1487 631 1711 684 Ciliciae
1732 633 2006 684 munitum

202 742 227 768 2
265 719 575 779 admodum,
606 717 693 768 cui
732 733 935 768 nomen
977 716 1316 780 CelenderiS,
1347 725 1579 785 occupat
1600 735 1612 781 ;
1652 735 1779 770 nam
1809 719 2009 770 admix-

261 804 335 856 tis
374 804 749 855 desertoribus
791 811 847 854 et
885 803 1065 854 tirone
1102 820 1280 871 nuper
1316 803 1629 871 intercepto
1682 804 1906 873 suisque
1952 814 2008 857 et

264 890 554 941 Plancinae
582 890 820 963 servitiis
847 889 1047 941 auxilia
1074 889 1326 952 Cilicum,
1355 906 1496 958 quae
1522 890 1698 958 reguli
1725 891 2007 954 miserant,

200 999 227 1038 3
264 976 320 1027 in
347 993 637 1028 numerum
666 975 899 1043 legionis
927 983 1327 1042 composuerat.
1395 976 1760 1045 Caesarisque
1787 995 1847 1030 se
1867 978 2010 1046 lega-

262 1070 382 1114 tum
409 1063 720 1114 testabatur
745 1062 1038 1129 provincia,
1070 1079 1233 1130 quam
1261 1062 1308 1114 is
1335 1063 1595 1125 dedisset,
1625 1064 1814 1126 arceri,
1840 1081 1952 1116 non
1978 1082 2011 1116 a

262 1148 571 1216 legionibus
615 1149 823 1216 (earum
869 1149 1072 1216 quippe
1118 1149 1300 1200 accitu
1337 1150 1564 1218 venire),
1607 1151 1704 1201 sed
1743 1167 1775 1201 a
1816 1150 2009 1203 Sentio

201 1260 227 1296 4
265 1235 539 1303 privatum
567 1235 751 1286 odium
777 1235 931 1286 falsis
959 1235 1279 1287 criminibus
1305 1243 1546 1303 tegente.
1622 1236 2008 1289 Consisterent

263 1322 319 1373 in
358 1321 490 1383 acie,
521 1338 632 1372 non
659 1321 988 1389 pugnaturis
1029 1321 1313 1384 militibus,
1343 1322 1438 1373 ubi
1467 1322 1736 1385 Pisonem,
1767 1323 1836 1375 ab
1875 1323 2009 1391 ipsis

262 1415 547 1475 parentem
587 1408 862 1475 quondam
903 1408 1252 1474 appellatum,
1289 1407 1334 1459 si
1373 1408 1488 1459 iure
1526 1417 1798 1476 ageretur,
1839 1410 2011 1477 potio-

202 1517 226 1556 5
265 1512 397 1557 rem,
428 1494 473 1546 si
511 1494 692 1555 armis,
728 1511 839 1544 non
876 1493 1192 1557 invalidum,
1225 1493 1509 1547 vidissent.
1581 1495 1727 1546 Tum
1763 1513 1862 1563 pro
1898 1513 2012 1548 mu-

263 1580 527 1632 nimentis
559 1580 773 1632 castelli
807 1580 1116 1647 manipulos
1163 1580 1415 1647 explicat,
1452 1581 1590 1633 colle
1625 1582 1794 1633 arduo
1831 1590 1886 1634 et
1923 1583 2011 1634 de-

202 1682 227 1717 6
266 1675 427 1734 rupto
451 1684 463 1730 3
519 1684 646 1718 nam
699 1674 883 1740 cetera
929 1666 1063 1717 mari
1115 1666 1426 1734 cinguntur.

263 1754 544 1806 ordinibus
572 1770 635 1805 ac
667 1752 926 1804 subsidiis
954 1752 1240 1805 instructi:
1273 1753 1411 1805 hinc·
1432 1754 1683 1816 militum,
1714 1755 1843 1806 inde
1869 1755 2011 1807 loco-

262 1858 383 1892 rum
409 1840 692 1908 asperitas,
717 1840 815 1891 sed
841 1856 953 1891 non
980 1839 1212 1902 animuS‚
1240 1856 1352 1891 non
1381 1857 1522 1908 spes,
1553 1857 1624 1892 ne
1650 1840 1762 1893 tela
1788 1841 2007 1910 qu’dem

201 1952 225 1987 7
265 1927 373 1979 nisi
399 1926 641 1995 agrestia
660 1933 754 1978 aut
782 1926 1028 1978 subitum
1058 1926 1115 1977 in
1143 1943 1304 1978 usum
1332 1935 1636 1994 properata.
1706 1927 1785 1980 Ut
1805 1859 2008 1980 vehere

262 2014 319 2065 in
346 2030 558 2075 manUS,
588 2030 700 2064 non
727 2012 871 2064 ultra
896 2013 1207 2064 dubitatum
1236 2030 1399 2080 quam
1440 2013 1569 2064 dum
1600 2014 1886 2066 Romanae
1926 2032 2009 2066 co-

261 2100 450 2151 hortes
496 2099 552 2150 in
603 2116 841 2166 aequum
893 2098 1273 2150 eniterentur:
1323 2106 1548 2151 vertunt
1598 2106 1755 2167 terga
1806 2100 2006 2153 Cilices

263 2202 432 2253 seque
458 2184 684 2237 castello
712 2185 989 2236 claudunt.

178 2278 238 2323 81
335 2271 564 2323 Interim
593 2270 717 2322 Piso
745 2270 978 2322 classem
1007 2270 1151 2321 haud
1180 2271 1370 2338 procul
1398 2271 1775 2338 opperientem
1802 2290 2007 2341 appug-

315 2431 398 2478 80.
439 2445 602 2474 seeus:
627 2432 679 2472 cf.
702 2442 765 2486 50.
788 2443 811 2483 3
831 2446 873 2473 n.

315 2489 654 2540 praesentibus,
667 2488 729 2526 the
748 2488 887 2539 things
901 2493 949 2526 at
963 2487 1094 2528 hand.

315 2543 607 2584 Celenderis:
640 2555 709 2580 see
731 2542 765 2581 I.
785 2552 851 2594 45.
877 2553 892 2580 1
918 2556 958 2581 n.

315 2609 353 2638 2.
383 2598 430 2638 in
446 2608 695 2637 numerum
714 2596 939 2647 legionis:
971 2597 1034 2635 i.e.
1048 2609 1094 2635 so

260 2665 306 2692 as
324 2658 368 2692 to
387 2652 511 2691 make
532 2664 588 2704 up
603 2664 628 2690 a
647 2650 807 2702 legion3
844 2650 915 2689 the
935 2651 1095 2690 normal

259 2707 434 2747 number
453 2719 538 2746 was
557 2706 677 2745 6000.

1174 2501 1230 2526 no
1251 2488 1370 2527 other
1391 2487 1686 2535 fortifications,
1695 2489 1783 2541 fhr,
1806 2494 1882 2528 etc.

1229 2542 1266 2582 6.
1297 2543 1540 2582 ordinibus
1569 2555 1622 2582 ac
1651 2543 1900 2583 subsidiis:
1934 2544 2006 2583 the

1173 2609 1286 2647 army
1307 2596 1353 2635 of
1371 2597 1534 2635 Sentius
1547 2620 1594 2624 —
1609 2597 1747 2635 whose
1769 2604 2006 2638 movement

1173 2652 1332 2702 against
1355 2651 1446 2689 Piso
1468 2651 1501 2689 is
1527 2657 1598 2689 not
1625 2651 1780 2691 related
1794 2665 1943 2691 -was
1962 2652 2006 2692 in

1171 2706 1332 2756 regular
1371 2706 1502 2752 order,
1544 2707 1626 2745 and
1668 2706 1868 2758 provided
1905 2707 2005 2746 with

316 2773 354 2813 3.
391 2773 554 2802 earum
586 2791 595 2801 .
626 2791 636 2800 .
667 2790 678 2800 .
707 2760 880 2800 accitu:
907 2759 969 2811 76.
996 2770 1029 2799 1.
1171 2773 1363 2799 reserves.

313 2828 353 2866 4.
382 2816 686 2869 pugnaturis:
720 2815 801 2855 this
824 2815 1001 2854 ablative
1021 2815 1092 2854 ab·
1226 2815 1332 2854 inde
1359 2845 1367 2854 .
1395 2845 1403 2854 .
1431 2846 1439 2854 .
1466 2823 1733 2868 properata:
1781 2817 1845 2855 i.e.
1877 2815 2005 2855 Piso's

258 2871 392 2911 solute
411 2872 487 2911 has
506 2871 578 2911 the
598 2871 711 2910 force
732 2870 780 2909 of
804 2883 858 2908 an
885 2869 1091 2921 apodosis,
1169 2874 1322 2921 troops.

1505 1667 1713 1719 Contra
1762 1669 2039 1720 veterani·
2131 1685 2134 1686 ’

1175 2434 1259 2472 and
1280 2432 1345 2473 81.
1366 2444 1399 2473 1.
1457 2446 1581 2481 nam,
1599 2439 1701 2474 etc.:
1725 2434 1823 2485 they
1842 2435 2006 2475 needed
2086 2430 2088 2433 ’

259 2930 303 2965 to
321 2926 460 2988 which
479 2926 560 2966 ubi
585 2955 595 2965 .
619 2955 630 2965 .
655 2955 665 2965 .
691 2925 922 2965 vidissent
941 2924 975 2962 is
998 2937 1091 2975 pro-

259 2985 371 3074 tasg
386 3035 483 3075 iure
512 3041 737 3086 ageretur,
763 3033 811 3087 if
825 3033 888 3072 the
907 3033 1093 3085 question

260 3102 367 3128 were
385 3103 433 3128 as
451 3095 488 3128 to
508 3089 630 3141 right.

317 3153 354 3198 5.
393 3155 491 3197 pro,
513 3144 562 3183 in
579 3144 711 3198 front
735 3143 789 3198 ofi
808 3141 950 3183 unlike
983 3151 1045 3194 13.
1065 3152 1094 3192 4

1224 2924 1446 2974 agrestia:
1469 2925 1702 2976 sharpened
1715 2925 1865 2972 stakes,
1879 2938 2002 2977 prun-

1169 2977 1243 3029 ing
1261 2979 1411 3026 hooks,
1432 2979 1594 3026 sickles,
1614 2984 1694 3018 etc.

1227 3042 1263 3084 7.
1298 3033 1347 3072 in
1378 3044 1608 3084 aequum:
1649 3037 1693 3072 to
1726 3033 1798 3073 the
1836 3033 2002 3073 summit
2084 3037 2100 3071 J*

1171 3086 1219 3125 of
1255 3087 1326 3126 the
1364 3087 1439 3126 hill
1476 3101 1532 3126 on
1564 3087 1703 3127 which
1741 3088 1813 3128 the
1851 3086 2005 3128 citadei

1170 3142 1304 3183 stood.
