<?xml version="1.0" encoding="UTF-8"?>
<!DOCTYPE html PUBLIC "-//W3C//DTD XHTML 1.0 Transitional//EN"
    "http://www.w3.org/TR/xhtml1/DTD/xhtml1-transitional.dtd">
<html xmlns="http://www.w3.org/1999/xhtml" xml:lang="en" lang="en">
 <head>
  <title>
</title>
<meta http-equiv="Content-Type" content="text/html;charset=utf-8" />
  <meta name='ocr-system' content='tesseract 3.04.00' />
  <meta name='ocr-capabilities' content='ocr_page ocr_carea ocr_par ocr_line ocrx_word'/>
</head>
<body>
  <div class='ocr_page' id='page_1' title='image "annalsbooksivi00taciuoft_0343.png"; bbox 0 0 2170 3488; ppageno 0'>
   <div class='ocr_carea' id='block_1_1' title="bbox 61 578 705 647">
    <p class='ocr_par' dir='ltr' id='par_1_1' title="bbox 61 578 705 647">
     <span class='ocr_line' id='line_1_1' title="bbox 61 578 705 647; baseline -0.006 1"><span class='ocrx_word' id='word_1_1' title='bbox 61 578 69 585; x_wconf 24' lang='grc' dir='ltr'>ἱ</span> <span class='ocrx_word' id='word_1_2' title='bbox 136 606 140 607; x_wconf 68' lang='grc'><em>’</em></span> <span class='ocrx_word' id='word_1_3' title='bbox 185 593 397 647; x_wconf 90' lang='lat' dir='ltr'><strong>eventis</strong></span> <span class='ocrx_word' id='word_1_4' title='bbox 425 593 705 644; x_wconf 86' lang='lat' dir='ltr'><strong>docentur.</strong></span> 
     </span>
    </p>
   </div>
   <div class='ocr_carea' id='block_1_2' title="bbox 74 1703 904 1785">
    <p class='ocr_par' dir='ltr' id='par_1_2' title="bbox 74 1703 904 1785">
     <span class='ocr_line' id='line_1_2' title="bbox 74 1703 904 1785; baseline -0.001 -17"><span class='ocrx_word' id='word_1_5' title='bbox 74 1703 75 1710; x_wconf 11' lang='grc' dir='ltr'>ἵ</span> <span class='ocrx_word' id='word_1_6' title='bbox 109 1723 114 1728; x_wconf 81' lang='grc'><strong>“</strong></span> <span class='ocrx_word' id='word_1_7' title='bbox 182 1717 387 1785; x_wconf 93' lang='lat' dir='ltr'><strong>pinquo</strong></span> <span class='ocrx_word' id='word_1_8' title='bbox 413 1716 628 1774; x_wconf 87' lang='lat' dir='ltr'><strong>diversa</strong></span> <span class='ocrx_word' id='word_1_9' title='bbox 653 1733 904 1784; x_wconf 86' lang='lat' dir='ltr'><strong>arguenS.</strong></span> 
     </span>
    </p>
   </div>
   <div class='ocr_carea' id='block_1_3' title="bbox 0 367 107 3488">
    <p class='ocr_par' dir='ltr' id='par_1_3' title="bbox 0 367 107 3488">
     <span class='ocr_line' id='line_1_3' title="bbox 0 367 107 3488; baseline 0 0"><span class='ocrx_word' id='word_1_10' title='bbox 0 367 107 3488; x_wconf 95' lang='lat' dir='ltr'><strong> </strong></span> 
     </span>
    </p>
   </div>
   <div class='ocr_carea' id='block_1_4' title="bbox 185 198 407 254">
    <p class='ocr_par' dir='ltr' id='par_1_4' title="bbox 185 198 407 254">
     <span class='ocr_line' id='line_1_4' title="bbox 185 198 407 254; baseline -0.009 -12"><span class='ocrx_word' id='word_1_11' title='bbox 185 200 298 242; x_wconf 87' lang='lat' dir='ltr'><strong>A.D.</strong></span> <span class='ocrx_word' id='word_1_12' title='bbox 318 198 407 254; x_wconf 85' lang='lat'><strong>25.]</strong></span> 
     </span>
    </p>
   </div>
   <div class='ocr_carea' id='block_1_5' title="bbox 974 199 1220 240">
    <p class='ocr_par' dir='ltr' id='par_1_5' title="bbox 974 199 1220 240">
     <span class='ocr_line' id='line_1_5' title="bbox 974 199 1220 240; baseline 0.004 -1"><span class='ocrx_word' id='word_1_13' title='bbox 974 199 1220 240; x_wconf 88' lang='lat' dir='ltr'><strong>ANNALS.</strong></span> 
     </span>
    </p>
   </div>
   <div class='ocr_carea' id='block_1_6' title="bbox 182 334 1922 573">
    <p class='ocr_par' dir='ltr' id='par_1_6' title="bbox 182 334 1922 573">
     <span class='ocr_line' id='line_1_6' title="bbox 182 334 1922 402; baseline -0.001 -15"><span class='ocrx_word' id='word_1_14' title='bbox 182 335 288 388; x_wconf 87' lang='lat' dir='ltr'><strong>alia</strong></span> <span class='ocrx_word' id='word_1_15' title='bbox 323 351 383 387; x_wconf 90' lang='lat' dir='ltr'><strong>re</strong></span> <span class='ocrx_word' id='word_1_16' title='bbox 422 335 674 386; x_wconf 90' lang='lat' dir='ltr'><strong>Romana</strong></span> <span class='ocrx_word' id='word_1_17' title='bbox 705 350 866 401; x_wconf 92' lang='lat' dir='ltr'><strong>quam</strong></span> <span class='ocrx_word' id='word_1_18' title='bbox 908 334 954 385; x_wconf 92' lang='lat' dir='ltr'><strong>si</strong></span> <span class='ocrx_word' id='word_1_19' title='bbox 992 352 1136 386; x_wconf 90' lang='lat' dir='ltr'><strong>unus</strong></span> <span class='ocrx_word' id='word_1_20' title='bbox 1172 334 1466 401; x_wconf 85' lang='lat' dir='ltr'><strong>imperitet,</strong></span> <span class='ocrx_word' id='word_1_21' title='bbox 1501 334 1639 386; x_wconf 92' lang='lat' dir='ltr'><strong>haec</strong></span> <span class='ocrx_word' id='word_1_22' title='bbox 1674 336 1922 402; x_wconf 79' lang='lat' dir='ltr'><strong>conqulri</strong></span> 
     </span>
     <span class='ocr_line' id='line_1_7' title="bbox 182 419 1922 488; baseline -0.001 -14"><span class='ocrx_word' id='word_1_23' title='bbox 182 420 432 488; x_wconf 89' lang='lat' dir='ltr'><strong>tradique</strong></span> <span class='ocrx_word' id='word_1_24' title='bbox 459 419 516 470; x_wconf 93' lang='lat' dir='ltr'><strong>in</strong></span> <span class='ocrx_word' id='word_1_25' title='bbox 542 436 658 471; x_wconf 92' lang='lat' dir='ltr'><strong>rem</strong></span> <span class='ocrx_word' id='word_1_26' title='bbox 684 419 868 482; x_wconf 80' lang='lat' dir='ltr'><strong>fuerit,</strong></span> <span class='ocrx_word' id='word_1_27' title='bbox 899 420 1025 487; x_wconf 92' lang='lat' dir='ltr'><strong>quia</strong></span> <span class='ocrx_word' id='word_1_28' title='bbox 1051 420 1211 487; x_wconf 92' lang='lat' dir='ltr'><strong>pauci</strong></span> <span class='ocrx_word' id='word_1_29' title='bbox 1249 421 1544 487; x_wconf 91' lang='lat' dir='ltr'><strong>prudentia</strong></span> <span class='ocrx_word' id='word_1_30' title='bbox 1581 421 1816 472; x_wconf 89' lang='lat' dir='ltr'><strong>honesta</strong></span> <span class='ocrx_word' id='word_1_31' title='bbox 1853 422 1922 472; x_wconf 93' lang='lat' dir='ltr'><strong>ab</strong></span> 
     </span>
     <span class='ocr_line' id='line_1_8' title="bbox 185 506 1921 573; baseline -0.001 -13"><span class='ocrx_word' id='word_1_32' title='bbox 185 506 563 567; x_wconf 81' lang='lat' dir='ltr'><strong>deterioribUS,</strong></span> <span class='ocrx_word' id='word_1_33' title='bbox 593 506 751 557; x_wconf 92' lang='lat' dir='ltr'><strong>utilia</strong></span> <span class='ocrx_word' id='word_1_34' title='bbox 781 507 850 557; x_wconf 91' lang='lat' dir='ltr'><strong>ab</strong></span> <span class='ocrx_word' id='word_1_35' title='bbox 887 506 1062 558; x_wconf 87' lang='lat' dir='ltr'><strong>noxiis</strong></span> <span class='ocrx_word' id='word_1_36' title='bbox 1102 506 1439 568; x_wconf 90' lang='lat' dir='ltr'><strong>discernunt,</strong></span> <span class='ocrx_word' id='word_1_37' title='bbox 1468 506 1655 573; x_wconf 89' lang='lat' dir='ltr'><strong>plures</strong></span> <span class='ocrx_word' id='word_1_38' title='bbox 1694 507 1921 559; x_wconf 88' lang='lat' dir='ltr'><strong>aliorum</strong></span> 
     </span>
    </p>
   </div>
   <div class='ocr_carea' id='block_1_7' title="bbox 185 678 881 733">
    <p class='ocr_par' dir='ltr' id='par_1_7' title="bbox 185 678 881 733">
     <span class='ocr_line' id='line_1_9' title="bbox 185 678 881 733; baseline -0.003 -1"><span class='ocrx_word' id='word_1_39' title='bbox 185 678 568 733; x_wconf 91' lang='lat' dir='ltr'><strong>oblectationis</strong></span> <span class='ocrx_word' id='word_1_40' title='bbox 610 679 881 730; x_wconf 85' lang='lat' dir='ltr'><strong>adserunt.</strong></span> 
     </span>
    </p>
   </div>
   <div class='ocr_carea' id='block_1_8' title="bbox 787 593 1984 746">
    <p class='ocr_par' dir='ltr' id='par_1_8' title="bbox 787 593 1984 746">
     <span class='ocr_line' id='line_1_10' title="bbox 787 593 1984 660; baseline 0 -16"><span class='ocrx_word' id='word_1_41' title='bbox 787 593 1048 644; x_wconf 91' lang='lat' dir='ltr'><strong>Ceterum</strong></span> <span class='ocrx_word' id='word_1_42' title='bbox 1088 600 1149 644; x_wconf 94' lang='lat' dir='ltr'><strong>ut</strong></span> <span class='ocrx_word' id='word_1_43' title='bbox 1188 593 1490 660; x_wconf 82' lang='lat' dir='ltr'><strong>profutura,</strong></span> <span class='ocrx_word' id='word_1_44' title='bbox 1520 593 1597 644; x_wconf 91' lang='lat' dir='ltr'><strong>ita</strong></span> <span class='ocrx_word' id='word_1_45' title='bbox 1631 593 1919 644; x_wconf 91' lang='lat' dir='ltr'><strong>minimum</strong></span> <span class='ocrx_word' id='word_1_46' title='bbox 1959 618 1984 654; x_wconf 84' lang='lat'>3</span> 
     </span>
     <span class='ocr_line' id='line_1_11' title="bbox 963 679 1922 746; baseline 0.001 -16"><span class='ocrx_word' id='word_1_47' title='bbox 963 680 1107 730; x_wconf 90' lang='lat' dir='ltr'><strong>Nam</strong></span> <span class='ocrx_word' id='word_1_48' title='bbox 1148 679 1289 730; x_wconf 92' lang='lat' dir='ltr'><strong>situs</strong></span> <span class='ocrx_word' id='word_1_49' title='bbox 1327 679 1596 746; x_wconf 91' lang='lat' dir='ltr'><strong>gentium,</strong></span> <span class='ocrx_word' id='word_1_50' title='bbox 1624 679 1922 731; x_wconf 88' lang='lat' dir='ltr'><strong>varietates</strong></span> 
     </span>
    </p>
   </div>
   <div class='ocr_carea' id='block_1_9' title="bbox 181 765 1924 1092">
    <p class='ocr_par' dir='ltr' id='par_1_9' title="bbox 181 765 1924 1092">
     <span class='ocr_line' id='line_1_12' title="bbox 183 765 1922 835; baseline -0.001 -17"><span class='ocrx_word' id='word_1_51' title='bbox 183 766 526 835; x_wconf 89' lang='lat' dir='ltr'><strong>proeliorum,</strong></span> <span class='ocrx_word' id='word_1_52' title='bbox 557 765 686 816; x_wconf 91' lang='lat' dir='ltr'><strong>clari</strong></span> <span class='ocrx_word' id='word_1_53' title='bbox 714 766 913 816; x_wconf 92' lang='lat' dir='ltr'><strong>ducum</strong></span> <span class='ocrx_word' id='word_1_54' title='bbox 949 765 1128 816; x_wconf 87' lang='lat' dir='ltr'><strong>exitus</strong></span> <span class='ocrx_word' id='word_1_55' title='bbox 1168 765 1412 816; x_wconf 84' lang='lat' dir='ltr'><strong>retinent</strong></span> <span class='ocrx_word' id='word_1_56' title='bbox 1451 783 1515 817; x_wconf 93' lang='lat' dir='ltr'><strong>ac</strong></span> <span class='ocrx_word' id='word_1_57' title='bbox 1542 766 1922 833; x_wconf 84' lang='lat' dir='ltr'><strong>redintegrant</strong></span> 
     </span>
     <span class='ocr_line' id='line_1_13' title="bbox 183 851 1924 921; baseline -0.001 -15"><span class='ocrx_word' id='word_1_58' title='bbox 183 852 484 921; x_wconf 89' lang='lat' dir='ltr'><strong>legentium</strong></span> <span class='ocrx_word' id='word_1_59' title='bbox 525 851 800 903; x_wconf 89' lang='lat' dir='ltr'><strong>animum:</strong></span> <span class='ocrx_word' id='word_1_60' title='bbox 839 869 940 902; x_wconf 91' lang='lat' dir='ltr'><strong>nos</strong></span> <span class='ocrx_word' id='word_1_61' title='bbox 981 868 1145 903; x_wconf 87' lang='lat' dir='ltr'><strong>saeva</strong></span> <span class='ocrx_word' id='word_1_62' title='bbox 1183 852 1346 913; x_wconf 91' lang='lat' dir='ltr'><strong>iussa,</strong></span> <span class='ocrx_word' id='word_1_63' title='bbox 1378 852 1668 903; x_wconf 91' lang='lat' dir='ltr'><strong>continuas</strong></span> <span class='ocrx_word' id='word_1_64' title='bbox 1708 869 1924 904; x_wconf 90' lang='lat' dir='ltr'><strong>accusa-</strong></span> 
     </span>
     <span class='ocr_line' id='line_1_14' title="bbox 181 936 1924 1006; baseline -0.001 -15"><span class='ocrx_word' id='word_1_65' title='bbox 181 939 378 1000; x_wconf 87' lang='lat' dir='ltr'><strong>tioneS‚</strong></span> <span class='ocrx_word' id='word_1_66' title='bbox 405 936 633 1006; x_wconf 36' lang='lat' dir='ltr'><strong>fallaces,</strong></span> <span class='ocrx_word' id='word_1_67' title='bbox 655 937 940 999; x_wconf 85' lang='lat' dir='ltr'><strong>amicitiaS,</strong></span> <span class='ocrx_word' id='word_1_68' title='bbox 971 937 1270 1004; x_wconf 91' lang='lat' dir='ltr'><strong>perniciem</strong></span> <span class='ocrx_word' id='word_1_69' title='bbox 1297 938 1675 990; x_wconf 87' lang='lat' dir='ltr'><strong>innocentium</strong></span> <span class='ocrx_word' id='word_1_70' title='bbox 1716 946 1772 990; x_wconf 89' lang='lat' dir='ltr'><strong>et</strong></span> <span class='ocrx_word' id='word_1_71' title='bbox 1812 956 1924 990; x_wconf 88' lang='lat' dir='ltr'><strong>eas-</strong></span> 
     </span>
     <span class='ocr_line' id='line_1_15' title="bbox 182 1024 1922 1092; baseline -0.001 -14"><span class='ocrx_word' id='word_1_72' title='bbox 182 1027 307 1078; x_wconf 89' lang='lat' dir='ltr'><strong>dem</strong></span> <span class='ocrx_word' id='word_1_73' title='bbox 335 1025 484 1077; x_wconf 88' lang='lat' dir='ltr'><strong>exitu</strong></span> <span class='ocrx_word' id='word_1_74' title='bbox 511 1041 704 1077; x_wconf 81' lang='lat' dir='ltr'>causas</span> <span class='ocrx_word' id='word_1_75' title='bbox 733 1024 1136 1092; x_wconf 81' lang='lat' dir='ltr'><strong>coniungimUS,</strong></span> <span class='ocrx_word' id='word_1_76' title='bbox 1168 1025 1329 1076; x_wconf 89' lang='lat' dir='ltr'><strong>obvia</strong></span> <span class='ocrx_word' id='word_1_77' title='bbox 1355 1042 1533 1076; x_wconf 89' lang='lat' dir='ltr'><strong>rerum</strong></span> <span class='ocrx_word' id='word_1_78' title='bbox 1563 1025 1922 1076; x_wconf 88' lang='lat' dir='ltr'><strong>similitudine</strong></span> 
     </span>
    </p>
   </div>
   <div class='ocr_carea' id='block_1_10' title="bbox 182 1112 538 1179">
    <p class='ocr_par' dir='ltr' id='par_1_10' title="bbox 182 1112 538 1179">
     <span class='ocr_line' id='line_1_16' title="bbox 182 1112 538 1179; baseline -0.008 -14"><span class='ocrx_word' id='word_1_79' title='bbox 182 1120 238 1179; x_wconf 83' lang='lat' dir='ltr'><strong>et</strong></span> <span class='ocrx_word' id='word_1_80' title='bbox 266 1112 538 1164; x_wconf 90' lang='lat' dir='ltr'><strong>satietate.</strong></span> 
     </span>
    </p>
   </div>
   <div class='ocr_carea' id='block_1_11' title="bbox 614 1111 1984 1178">
    <p class='ocr_par' dir='ltr' id='par_1_11' title="bbox 614 1111 1984 1178">
     <span class='ocr_line' id='line_1_17' title="bbox 614 1111 1984 1178; baseline 0.001 -16"><span class='ocrx_word' id='word_1_81' title='bbox 614 1112 759 1162; x_wconf 91' lang='lat' dir='ltr'><strong>Tum</strong></span> <span class='ocrx_word' id='word_1_82' title='bbox 787 1112 932 1178; x_wconf 91' lang='lat' dir='ltr'><strong>quod</strong></span> <span class='ocrx_word' id='word_1_83' title='bbox 960 1111 1200 1178; x_wconf 82' lang='lat' dir='ltr'><strong>antiquis</strong></span> <span class='ocrx_word' id='word_1_84' title='bbox 1241 1111 1598 1177; x_wconf 83' lang='lat' dir='ltr'><strong>scriptoribus</strong></span> <span class='ocrx_word' id='word_1_85' title='bbox 1638 1128 1791 1162; x_wconf 92' lang='lat' dir='ltr'><strong>rarus</strong></span> <span class='ocrx_word' id='word_1_86' title='bbox 1831 1112 1921 1163; x_wconf 80' lang='lat' dir='ltr'><strong>ob·</strong></span> <span class='ocrx_word' id='word_1_87' title='bbox 1959 1136 1984 1171; x_wconf 93' lang='lat'>4</span> 
     </span>
    </p>
   </div>
   <div class='ocr_carea' id='block_1_12' title="bbox 181 1197 1922 1351">
    <p class='ocr_par' dir='ltr' id='par_1_12' title="bbox 181 1197 1922 1351">
     <span class='ocr_line' id='line_1_18' title="bbox 182 1197 1922 1265; baseline -0.002 -14"><span class='ocrx_word' id='word_1_88' title='bbox 182 1206 460 1259; x_wconf 88' lang='lat' dir='ltr'><strong>trectator,</strong></span> <span class='ocrx_word' id='word_1_89' title='bbox 494 1214 674 1265; x_wconf 93' lang='lat' dir='ltr'><strong>neque</strong></span> <span class='ocrx_word' id='word_1_90' title='bbox 713 1197 882 1248; x_wconf 82' lang='lat' dir='ltr'><strong>refert</strong></span> <span class='ocrx_word' id='word_1_91' title='bbox 925 1197 1245 1264; x_wconf 89' lang='lat' dir='ltr'><strong>cuiusquam</strong></span> <span class='ocrx_word' id='word_1_92' title='bbox 1291 1198 1523 1249; x_wconf 92' lang='lat' dir='ltr'><strong>Punicas</strong></span> <span class='ocrx_word' id='word_1_93' title='bbox 1569 1199 1922 1249; x_wconf 81' lang='lat' dir='ltr'><strong>Romanasne</strong></span> 
     </span>
     <span class='ocr_line' id='line_1_19' title="bbox 181 1283 1922 1351; baseline -0.001 -14"><span class='ocrx_word' id='word_1_94' title='bbox 181 1285 327 1337; x_wconf 90' lang='lat' dir='ltr'><strong>acies</strong></span> <span class='ocrx_word' id='word_1_95' title='bbox 354 1284 551 1336; x_wconf 90' lang='lat' dir='ltr'><strong>laetius</strong></span> <span class='ocrx_word' id='word_1_96' title='bbox 579 1283 866 1335; x_wconf 90' lang='lat' dir='ltr'><strong>extuleris:</strong></span> <span class='ocrx_word' id='word_1_97' title='bbox 901 1291 956 1335; x_wconf 92' lang='lat' dir='ltr'><strong>at</strong></span> <span class='ocrx_word' id='word_1_98' title='bbox 985 1283 1297 1345; x_wconf 91' lang='lat' dir='ltr'><strong>multorum,</strong></span> <span class='ocrx_word' id='word_1_99' title='bbox 1322 1284 1414 1351; x_wconf 92' lang='lat' dir='ltr'><strong>qui</strong></span> <span class='ocrx_word' id='word_1_100' title='bbox 1443 1284 1665 1335; x_wconf 90' lang='lat' dir='ltr'><strong>Tiberio</strong></span> <span class='ocrx_word' id='word_1_101' title='bbox 1693 1291 1922 1351; x_wconf 90' lang='lat' dir='ltr'><strong>regente</strong></span> 
     </span>
    </p>
   </div>
   <div class='ocr_carea' id='block_1_13' title="bbox 181 1370 1648 1439">
    <p class='ocr_par' dir='ltr' id='par_1_13' title="bbox 181 1370 1648 1439">
     <span class='ocr_line' id='line_1_20' title="bbox 181 1370 1648 1439; baseline -0.002 -15"><span class='ocrx_word' id='word_1_102' title='bbox 181 1388 415 1439; x_wconf 89' lang='lat' dir='ltr'><strong>poenam</strong></span> <span class='ocrx_word' id='word_1_103' title='bbox 454 1370 541 1422; x_wconf 84' lang='lat' dir='ltr'><strong>vel</strong></span> <span class='ocrx_word' id='word_1_104' title='bbox 580 1370 834 1421; x_wconf 82' lang='lat' dir='ltr'><strong>infamias</strong></span> <span class='ocrx_word' id='word_1_105' title='bbox 880 1370 1112 1431; x_wconf 89' lang='lat' dir='ltr'><strong>subiere,</strong></span> <span class='ocrx_word' id='word_1_106' title='bbox 1155 1371 1363 1436; x_wconf 89' lang='lat' dir='ltr'><strong>posteri</strong></span> <span class='ocrx_word' id='word_1_107' title='bbox 1407 1378 1648 1422; x_wconf 90' lang='lat' dir='ltr'><strong>manent.</strong></span> 
     </span>
    </p>
   </div>
   <div class='ocr_carea' id='block_1_14' title="bbox 1731 1371 1983 1437">
    <p class='ocr_par' dir='ltr' id='par_1_14' title="bbox 1731 1371 1983 1437">
     <span class='ocr_line' id='line_1_21' title="bbox 1731 1371 1983 1437; baseline 0 -15"><span class='ocrx_word' id='word_1_108' title='bbox 1731 1371 1920 1437; x_wconf 83' lang='lat' dir='ltr'><strong>thue</strong></span> <span class='ocrx_word' id='word_1_109' title='bbox 1960 1393 1983 1430; x_wconf 86' lang='lat'>5</span> 
     </span>
    </p>
   </div>
   <div class='ocr_carea' id='block_1_15' title="bbox 182 1457 1925 1610">
    <p class='ocr_par' dir='ltr' id='par_1_15' title="bbox 182 1457 1925 1610">
     <span class='ocr_line' id='line_1_22' title="bbox 182 1457 1925 1524; baseline -0.001 -15"><span class='ocrx_word' id='word_1_110' title='bbox 182 1458 419 1510; x_wconf 82' lang='lat' dir='ltr'><strong>familiae</strong></span> <span class='ocrx_word' id='word_1_111' title='bbox 447 1457 598 1524; x_wconf 91' lang='lat' dir='ltr'><strong>ipsae</strong></span> <span class='ocrx_word' id='word_1_112' title='bbox 627 1457 734 1508; x_wconf 91' lang='lat' dir='ltr'><strong>iam</strong></span> <span class='ocrx_word' id='word_1_113' title='bbox 764 1457 1069 1508; x_wconf 86' lang='lat' dir='ltr'><strong>exstinctae</strong></span> <span class='ocrx_word' id='word_1_114' title='bbox 1098 1457 1224 1518; x_wconf 92' lang='lat' dir='ltr'><strong>sint,</strong></span> <span class='ocrx_word' id='word_1_115' title='bbox 1255 1457 1496 1523; x_wconf 90' lang='lat' dir='ltr'><strong>reperies</strong></span> <span class='ocrx_word' id='word_1_116' title='bbox 1524 1457 1617 1524; x_wconf 90' lang='lat' dir='ltr'><strong>qui</strong></span> <span class='ocrx_word' id='word_1_117' title='bbox 1644 1458 1714 1508; x_wconf 94' lang='lat' dir='ltr'><strong>ob</strong></span> <span class='ocrx_word' id='word_1_118' title='bbox 1741 1457 1925 1507; x_wconf 89' lang='lat' dir='ltr'><strong>simili-</strong></span> 
     </span>
     <span class='ocr_line' id='line_1_23' title="bbox 183 1543 1922 1610; baseline -0.001 -15"><span class='ocrx_word' id='word_1_119' title='bbox 183 1544 431 1596; x_wconf 90' lang='lat' dir='ltr'><strong>tudinem</strong></span> <span class='ocrx_word' id='word_1_120' title='bbox 463 1561 677 1595; x_wconf 91' lang='lat' dir='ltr'><strong>morum</strong></span> <span class='ocrx_word' id='word_1_121' title='bbox 716 1543 894 1594; x_wconf 89' lang='lat' dir='ltr'><strong>aliena</strong></span> <span class='ocrx_word' id='word_1_122' title='bbox 933 1543 1224 1594; x_wconf 84' lang='lat' dir='ltr'><strong>malefacta</strong></span> <span class='ocrx_word' id='word_1_123' title='bbox 1263 1543 1367 1594; x_wconf 87' lang='lat' dir='ltr'><strong>sibi</strong></span> <span class='ocrx_word' id='word_1_124' title='bbox 1406 1543 1669 1595; x_wconf 88' lang='lat' dir='ltr'><strong>obiectari</strong></span> <span class='ocrx_word' id='word_1_125' title='bbox 1708 1551 1922 1610; x_wconf 91' lang='lat' dir='ltr'><strong>putent.</strong></span> 
     </span>
    </p>
   </div>
   <div class='ocr_carea' id='block_1_16' title="bbox 185 1629 2036 1782">
    <p class='ocr_par' dir='ltr' id='par_1_16' title="bbox 185 1629 2036 1782">
     <span class='ocr_line' id='line_1_24' title="bbox 185 1629 2036 1701; baseline -0.001 -20"><span class='ocrx_word' id='word_1_126' title='bbox 185 1630 368 1682; x_wconf 89' lang='lat' dir='ltr'><strong>Etiam</strong></span> <span class='ocrx_word' id='word_1_127' title='bbox 396 1630 570 1698; x_wconf 88' lang='lat' dir='ltr'><strong>gloria</strong></span> <span class='ocrx_word' id='word_1_128' title='bbox 595 1647 658 1682; x_wconf 92' lang='lat' dir='ltr'><strong>ac</strong></span> <span class='ocrx_word' id='word_1_129' title='bbox 683 1630 859 1680; x_wconf 83' lang='lat' dir='ltr'><strong>virtus</strong></span> <span class='ocrx_word' id='word_1_130' title='bbox 898 1629 1148 1681; x_wconf 84' lang='lat' dir='ltr'><strong>infensos</strong></span> <span class='ocrx_word' id='word_1_131' title='bbox 1187 1630 1368 1691; x_wconf 90' lang='lat' dir='ltr'><strong>habet,</strong></span> <span class='ocrx_word' id='word_1_132' title='bbox 1400 1638 1459 1680; x_wconf 93' lang='lat' dir='ltr'><strong>ut</strong></span> <span class='ocrx_word' id='word_1_133' title='bbox 1499 1629 1662 1680; x_wconf 91' lang='lat' dir='ltr'><strong>nimis</strong></span> <span class='ocrx_word' id='word_1_134' title='bbox 1702 1646 1768 1680; x_wconf 87' lang='lat' dir='ltr'><strong>ex</strong></span> <span class='ocrx_word' id='word_1_135' title='bbox 1804 1647 1922 1695; x_wconf 89' lang='lat' dir='ltr'><strong>pro·</strong></span> <span class='ocrx_word' id='word_1_136' title='bbox 1959 1643 1985 1679; x_wconf 88' lang='lat'><strong>6</strong></span> <span class='ocrx_word' id='word_1_137' title='bbox 2030 1696 2036 1701; x_wconf 94' lang='lat'><strong>.</strong></span> 
     </span>
     <span class='ocr_line' id='line_1_25' title="bbox 986 1716 1707 1782; baseline -0.003 -14"><span class='ocrx_word' id='word_1_138' title='bbox 986 1716 1097 1768; x_wconf 87' lang='lat' dir='ltr'><strong>Sed</strong></span> <span class='ocrx_word' id='word_1_139' title='bbox 1124 1717 1192 1767; x_wconf 89' lang='lat' dir='ltr'><strong>ad</strong></span> <span class='ocrx_word' id='word_1_140' title='bbox 1219 1716 1499 1782; x_wconf 91' lang='lat' dir='ltr'><strong>inceptum</strong></span> <span class='ocrx_word' id='word_1_141' title='bbox 1528 1717 1707 1767; x_wconf 87' lang='lat' dir='ltr'><strong>redeo.</strong></span> 
     </span>
    </p>
   </div>
   <div class='ocr_carea' id='block_1_17' title="bbox 257 1844 2006 1912">
    <p class='ocr_par' dir='ltr' id='par_1_17' title="bbox 257 1844 2006 1912">
     <span class='ocr_line' id='line_1_26' title="bbox 257 1844 2006 1912; baseline -0.002 -15"><span class='ocrx_word' id='word_1_142' title='bbox 257 1845 513 1897; x_wconf 91' lang='lat' dir='ltr'><strong>Cornelio</strong></span> <span class='ocrx_word' id='word_1_143' title='bbox 542 1845 716 1897; x_wconf 90' lang='lat' dir='ltr'><strong>Cosso</strong></span> <span class='ocrx_word' id='word_1_144' title='bbox 742 1844 942 1895; x_wconf 92' lang='lat' dir='ltr'><strong>Asinio</strong></span> <span class='ocrx_word' id='word_1_145' title='bbox 970 1844 1223 1912; x_wconf 83' lang='lat' dir='ltr'><strong>Agrippa</strong></span> <span class='ocrx_word' id='word_1_146' title='bbox 1259 1844 1576 1895; x_wconf 91' lang='lat' dir='ltr'><strong>consulibus</strong></span> <span class='ocrx_word' id='word_1_147' title='bbox 1606 1844 1922 1895; x_wconf 91' lang='lat' dir='ltr'><strong>Cremutius</strong></span> <span class='ocrx_word' id='word_1_148' title='bbox 1944 1850 2006 1894; x_wconf 82' lang='lat'><strong>34</strong></span> 
     </span>
    </p>
   </div>
   <div class='ocr_carea' id='block_1_18' title="bbox 184 1930 1922 2085">
    <p class='ocr_par' dir='ltr' id='par_1_18' title="bbox 184 1930 1922 2085">
     <span class='ocr_line' id='line_1_27' title="bbox 186 1930 1917 1998; baseline -0.001 -16"><span class='ocrx_word' id='word_1_149' title='bbox 186 1931 398 1983; x_wconf 92' lang='lat' dir='ltr'><strong>Cordus</strong></span> <span class='ocrx_word' id='word_1_150' title='bbox 425 1931 748 1998; x_wconf 85' lang='lat' dir='ltr'><strong>postulatur,</strong></span> <span class='ocrx_word' id='word_1_151' title='bbox 779 1948 920 1981; x_wconf 86' lang='lat' dir='ltr'><strong>novo</strong></span> <span class='ocrx_word' id='word_1_152' title='bbox 948 1948 1011 1982; x_wconf 93' lang='lat' dir='ltr'><strong>ac</strong></span> <span class='ocrx_word' id='word_1_153' title='bbox 1037 1939 1171 1981; x_wconf 91' lang='lat' dir='ltr'><strong>tunc</strong></span> <span class='ocrx_word' id='word_1_154' title='bbox 1198 1931 1431 1997; x_wconf 86' lang='lat' dir='ltr'><strong>primum</strong></span> <span class='ocrx_word' id='word_1_155' title='bbox 1463 1931 1649 1981; x_wconf 90' lang='lat' dir='ltr'><strong>audito</strong></span> <span class='ocrx_word' id='word_1_156' title='bbox 1676 1930 1917 1991; x_wconf 89' lang='lat' dir='ltr'><strong>crimine,</strong></span> 
     </span>
     <span class='ocr_line' id='line_1_28' title="bbox 184 2016 1922 2085; baseline -0.001 -17"><span class='ocrx_word' id='word_1_157' title='bbox 184 2018 327 2085; x_wconf 92' lang='lat' dir='ltr'><strong>quod</strong></span> <span class='ocrx_word' id='word_1_158' title='bbox 355 2017 517 2069; x_wconf 91' lang='lat' dir='ltr'><strong>editis</strong></span> <span class='ocrx_word' id='word_1_159' title='bbox 553 2018 844 2069; x_wconf 91' lang='lat' dir='ltr'><strong>annalibus</strong></span> <span class='ocrx_word' id='word_1_160' title='bbox 883 2017 1213 2084; x_wconf 90' lang='lat' dir='ltr'><strong>laudatoque</strong></span> <span class='ocrx_word' id='word_1_161' title='bbox 1254 2018 1329 2068; x_wconf 91' lang='lat' dir='ltr'><strong>M.</strong></span> <span class='ocrx_word' id='word_1_162' title='bbox 1363 2018 1534 2067; x_wconf 89' lang='lat' dir='ltr'><strong>Bruto</strong></span> <span class='ocrx_word' id='word_1_163' title='bbox 1576 2016 1633 2068; x_wconf 91' lang='lat' dir='ltr'><strong>C.</strong></span> <span class='ocrx_word' id='word_1_164' title='bbox 1668 2016 1922 2068; x_wconf 90' lang='lat' dir='ltr'><strong>Cassium</strong></span> 
     </span>
    </p>
   </div>
   <div class='ocr_carea' id='block_1_19' title="bbox 184 2177 1013 2448">
    <p class='ocr_par' dir='ltr' id='par_1_19' title="bbox 184 2177 1013 2333">
     <span class='ocr_line' id='line_1_29' title="bbox 238 2177 1012 2229; baseline -0.001 -12"><span class='ocrx_word' id='word_1_165' title='bbox 238 2177 330 2217; x_wconf 84' lang='lat' dir='ltr'><strong>alia</strong></span> <span class='ocrx_word' id='word_1_166' title='bbox 352 2209 360 2218; x_wconf 95' lang='lat'><strong>.</strong></span> <span class='ocrx_word' id='word_1_167' title='bbox 383 2209 393 2217; x_wconf 86' lang='lat'><strong>.</strong></span> <span class='ocrx_word' id='word_1_168' title='bbox 416 2209 424 2217; x_wconf 93' lang='lat'><strong>.</strong></span> <span class='ocrx_word' id='word_1_169' title='bbox 445 2190 600 2229; x_wconf 90' lang='lat' dir='ltr'><strong>quam,</strong></span> <span class='ocrx_word' id='word_1_170' title='bbox 617 2179 729 2216; x_wconf 76' lang='lat' dir='ltr'><strong>other</strong></span> <span class='ocrx_word' id='word_1_171' title='bbox 743 2179 876 2223; x_wconf 84' lang='lat' dir='ltr'><strong>tlzan,·</strong></span> <span class='ocrx_word' id='word_1_172' title='bbox 901 2178 1012 2216; x_wconf 90' lang='lat' dir='ltr'><strong>abla-</strong></span> 
     </span>
     <span class='ocr_line' id='line_1_30' title="bbox 184 2231 1013 2282; baseline -0.001 -11"><span class='ocrx_word' id='word_1_173' title='bbox 184 2231 265 2270; x_wconf 88' lang='lat' dir='ltr'><strong>tive</strong></span> <span class='ocrx_word' id='word_1_174' title='bbox 285 2232 489 2280; x_wconf 88' lang='lat' dir='ltr'><strong>absolute;</strong></span> <span class='ocrx_word' id='word_1_175' title='bbox 525 2233 557 2271; x_wconf 87' lang='lat' dir='ltr'><strong>it</strong></span> <span class='ocrx_word' id='word_1_176' title='bbox 576 2246 659 2271; x_wconf 88' lang='lat' dir='ltr'><strong>was</strong></span> <span class='ocrx_word' id='word_1_177' title='bbox 679 2246 704 2271; x_wconf 89' lang='lat' dir='ltr'><strong>a</strong></span> <span class='ocrx_word' id='word_1_178' title='bbox 723 2233 950 2282; x_wconf 85' lang='lat' dir='ltr'><strong>monarchy</strong></span> <span class='ocrx_word' id='word_1_179' title='bbox 969 2233 1013 2270; x_wconf 92' lang='lat' dir='ltr'><strong>in</strong></span> 
     </span>
     <span class='ocr_line' id='line_1_31' title="bbox 185 2285 630 2333; baseline 0.002 -8"><span class='ocrx_word' id='word_1_180' title='bbox 185 2285 280 2333; x_wconf 89' lang='lat' dir='ltr'><strong>fact,</strong></span> <span class='ocrx_word' id='word_1_181' title='bbox 299 2286 335 2325; x_wconf 87' lang='lat' dir='ltr'><strong>if</strong></span> <span class='ocrx_word' id='word_1_182' title='bbox 357 2293 431 2331; x_wconf 89' lang='lat' dir='ltr'><strong>not</strong></span> <span class='ocrx_word' id='word_1_183' title='bbox 450 2287 494 2325; x_wconf 94' lang='lat' dir='ltr'><strong>in</strong></span> <span class='ocrx_word' id='word_1_184' title='bbox 514 2287 630 2326; x_wconf 87' lang='lat' dir='ltr'><strong>form.</strong></span> 
     </span>
    </p>

    <p class='ocr_par' dir='ltr' id='par_1_20' title="bbox 239 2341 643 2392">
     <span class='ocr_line' id='line_1_32' title="bbox 239 2341 643 2392; baseline 0 -12"><span class='ocrx_word' id='word_1_185' title='bbox 239 2341 377 2381; x_wconf 87' lang='lat' dir='ltr'><strong>haec:</strong></span> <span class='ocrx_word' id='word_1_186' title='bbox 411 2352 476 2392; x_wconf 87' lang='lat'><strong>32.</strong></span> <span class='ocrx_word' id='word_1_187' title='bbox 501 2352 534 2380; x_wconf 92' lang='lat'><strong>1.</strong></span> <span class='ocrx_word' id='word_1_188' title='bbox 637 2370 643 2373; x_wconf 84' lang='lat'><em>-</em></span> 
     </span>
    </p>

    <p class='ocr_par' dir='ltr' id='par_1_21' title="bbox 240 2395 1012 2448">
     <span class='ocr_line' id='line_1_33' title="bbox 240 2395 1012 2448; baseline 0.001 -14"><span class='ocrx_word' id='word_1_189' title='bbox 240 2395 289 2434; x_wconf 88' lang='lat' dir='ltr'><strong>in</strong></span> <span class='ocrx_word' id='word_1_190' title='bbox 308 2408 418 2443; x_wconf 88' lang='lat' dir='ltr'><strong>rem,</strong></span> <span class='ocrx_word' id='word_1_191' title='bbox 433 2402 471 2434; x_wconf 86' lang='lat' dir='ltr'><strong>to</strong></span> <span class='ocrx_word' id='word_1_192' title='bbox 490 2396 553 2435; x_wconf 77' lang='lat' dir='ltr'><strong>tlte</strong></span> <span class='ocrx_word' id='word_1_193' title='bbox 562 2402 743 2448; x_wconf 81' lang='lat' dir='ltr'><strong>purpose</strong></span> <span class='ocrx_word' id='word_1_194' title='bbox 752 2410 771 2442; x_wconf 89' lang='lat'><strong>‚·</strong></span> <span class='ocrx_word' id='word_1_195' title='bbox 800 2396 1012 2448; x_wconf 89' lang='lat' dir='ltr'><strong>predicate</strong></span> 
     </span>
    </p>
   </div>
   <div class='ocr_carea' id='block_1_20' title="bbox 185 2449 451 2490">
    <p class='ocr_par' dir='ltr' id='par_1_22' title="bbox 68 2434 451 2493">
     <span class='ocr_line' id='line_1_34' title="bbox 185 2449 451 2490; baseline 0.003 -0.695"><span class='ocrx_word' id='word_1_196' title='bbox 185 2449 284 2488; x_wconf 82' lang='lat' dir='ltr'><strong>with</strong></span> <span class='ocrx_word' id='word_1_197' title='bbox 303 2451 451 2490; x_wconf 81' lang='lat' dir='ltr'><strong>fuerit.</strong></span> 
     </span>
    </p>
   </div>
   <div class='ocr_carea' id='block_1_21' title="bbox 240 2504 1011 2558">
    <p class='ocr_par' dir='ltr' id='par_1_23' title="bbox 240 2504 1011 2558">
     <span class='ocr_line' id='line_1_35' title="bbox 240 2504 1011 2558; baseline 0.001 -15"><span class='ocrx_word' id='word_1_198' title='bbox 240 2504 388 2556; x_wconf 82' lang='lat' dir='ltr'><strong>pa&#39;uci,</strong></span> <span class='ocrx_word' id='word_1_199' title='bbox 417 2506 514 2556; x_wconf 84' lang='lat' dir='ltr'><strong>only</strong></span> <span class='ocrx_word' id='word_1_200' title='bbox 541 2519 568 2544; x_wconf 82' lang='lat' dir='ltr'><strong>a</strong></span> <span class='ocrx_word' id='word_1_201' title='bbox 587 2507 675 2558; x_wconf 82' lang='lat' dir='ltr'><strong>few</strong></span> <span class='ocrx_word' id='word_1_202' title='bbox 685 2520 704 2551; x_wconf 91' lang='lat'><strong>,·</strong></span> <span class='ocrx_word' id='word_1_203' title='bbox 743 2506 814 2544; x_wconf 89' lang='lat' dir='ltr'><strong>the</strong></span> <span class='ocrx_word' id='word_1_204' title='bbox 844 2506 1011 2545; x_wconf 91' lang='lat' dir='ltr'><strong>distinc-</strong></span> 
     </span>
    </p>
   </div>
   <div class='ocr_carea' id='block_1_22' title="bbox 67 2554 1017 2609">
    <p class='ocr_par' dir='ltr' id='par_1_24' title="bbox 67 2540 1017 2609">
     <span class='ocr_line' id='line_1_36' title="bbox 67 2554 1017 2609; baseline 0.003 -14"><span class='ocrx_word' id='word_1_205' title='bbox 67 2554 109 2609; x_wconf 91' lang='lat' dir='ltr'><em>J</em></span> <span class='ocrx_word' id='word_1_206' title='bbox 186 2557 276 2597; x_wconf 90' lang='lat' dir='ltr'><strong>tion</strong></span> <span class='ocrx_word' id='word_1_207' title='bbox 303 2559 338 2598; x_wconf 90' lang='lat' dir='ltr'><strong>is</strong></span> <span class='ocrx_word' id='word_1_208' title='bbox 364 2559 553 2598; x_wconf 89' lang='lat' dir='ltr'><strong>between</strong></span> <span class='ocrx_word' id='word_1_209' title='bbox 576 2561 646 2599; x_wconf 89' lang='lat' dir='ltr'><strong>the</strong></span> <span class='ocrx_word' id='word_1_210' title='bbox 672 2561 951 2599; x_wconf 90' lang='lat' dir='ltr'><strong>diseernment</strong></span> <span class='ocrx_word' id='word_1_211' title='bbox 970 2560 1017 2598; x_wconf 92' lang='lat' dir='ltr'><strong>of</strong></span> 
     </span>
    </p>
   </div>
   <div class='ocr_carea' id='block_1_23' title="bbox 186 2612 1016 3151">
    <p class='ocr_par' dir='ltr' id='par_1_25' title="bbox 187 2612 1011 2718">
     <span class='ocr_line' id='line_1_37' title="bbox 187 2612 1011 2665; baseline 0.004 -15"><span class='ocrx_word' id='word_1_212' title='bbox 187 2612 408 2665; x_wconf 84' lang='lat' dir='ltr'><strong>principles</strong></span> <span class='ocrx_word' id='word_1_213' title='bbox 435 2616 520 2653; x_wconf 81' lang='lat' dir='ltr'><strong>ancl</strong></span> <span class='ocrx_word' id='word_1_214' title='bbox 548 2615 619 2653; x_wconf 91' lang='lat' dir='ltr'><strong>the</strong></span> <span class='ocrx_word' id='word_1_215' title='bbox 648 2615 845 2665; x_wconf 88' lang='lat' dir='ltr'><strong>teaching</strong></span> <span class='ocrx_word' id='word_1_216' title='bbox 874 2614 921 2653; x_wconf 91' lang='lat' dir='ltr'><strong>of</strong></span> <span class='ocrx_word' id='word_1_217' title='bbox 946 2627 1011 2653; x_wconf 88' lang='lat' dir='ltr'><strong>ex-</strong></span> 
     </span>
     <span class='ocr_line' id='line_1_38' title="bbox 187 2679 391 2718; baseline 0.015 -13"><span class='ocrx_word' id='word_1_218' title='bbox 187 2679 391 2718; x_wconf 80' lang='lat' dir='ltr'><strong>perience.</strong></span> 
     </span>
    </p>

    <p class='ocr_par' dir='ltr' id='par_1_26' title="bbox 241 2723 730 2774">
     <span class='ocr_line' id='line_1_39' title="bbox 241 2723 730 2774; baseline 0 -12"><span class='ocrx_word' id='word_1_219' title='bbox 241 2723 507 2774; x_wconf 87' lang='lat' dir='ltr'><strong>prudentia:</strong></span> <span class='ocrx_word' id='word_1_220' title='bbox 541 2723 730 2763; x_wconf 90' lang='lat' dir='ltr'><strong>ablative.</strong></span> 
     </span>
    </p>

    <p class='ocr_par' dir='ltr' id='par_1_27' title="bbox 186 2778 1016 2925">
     <span class='ocr_line' id='line_1_40' title="bbox 242 2778 1016 2829; baseline -0.001 -12"><span class='ocrx_word' id='word_1_221' title='bbox 242 2788 280 2828; x_wconf 88' lang='lat'><strong>3.</strong></span> <span class='ocrx_word' id='word_1_222' title='bbox 309 2779 501 2818; x_wconf 85' lang='lat' dir='ltr'><strong>easdem</strong></span> <span class='ocrx_word' id='word_1_223' title='bbox 517 2778 656 2824; x_wconf 88' lang='lat' dir='ltr'><strong>exitu,</strong></span> <span class='ocrx_word' id='word_1_224' title='bbox 678 2779 834 2829; x_wconf 82' lang='lat' dir='ltr'><strong>always</strong></span> <span class='ocrx_word' id='word_1_225' title='bbox 851 2778 1016 2829; x_wconf 76' lang='lat' dir='ltr'><strong>having</strong></span> 
     </span>
     <span class='ocr_line' id='line_1_41' title="bbox 186 2830 1012 2883; baseline 0.004 -15"><span class='ocrx_word' id='word_1_226' title='bbox 186 2830 250 2868; x_wconf 67' lang='lat' dir='ltr'><strong>tlte</strong></span> <span class='ocrx_word' id='word_1_227' title='bbox 262 2843 373 2870; x_wconf 88' lang='lat' dir='ltr'><strong>same</strong></span> <span class='ocrx_word' id='word_1_228' title='bbox 387 2833 500 2870; x_wconf 82' lang='lat' dir='ltr'><strong>issue.</strong></span> <span class='ocrx_word' id='word_1_229' title='bbox 542 2833 665 2872; x_wconf 85' lang='lat' dir='ltr'><strong>Some</strong></span> <span class='ocrx_word' id='word_1_230' title='bbox 681 2833 835 2871; x_wconf 88' lang='lat' dir='ltr'><strong>editors</strong></span> <span class='ocrx_word' id='word_1_231' title='bbox 850 2833 1012 2883; x_wconf 88' lang='lat' dir='ltr'><strong>change</strong></span> 
     </span>
     <span class='ocr_line' id='line_1_42' title="bbox 187 2885 533 2925; baseline 0.006 -2"><span class='ocrx_word' id='word_1_232' title='bbox 187 2885 313 2924; x_wconf 85' lang='lat' dir='ltr'><strong>exitu</strong></span> <span class='ocrx_word' id='word_1_233' title='bbox 331 2891 374 2924; x_wconf 90' lang='lat' dir='ltr'><strong>to</strong></span> <span class='ocrx_word' id='word_1_234' title='bbox 395 2887 533 2925; x_wconf 87' lang='lat' dir='ltr'><strong>exitii.</strong></span> 
     </span>
    </p>

    <p class='ocr_par' dir='ltr' id='par_1_28' title="bbox 187 2941 1013 3151">
     <span class='ocr_line' id='line_1_43' title="bbox 240 2941 1011 2993; baseline 0.003 -15"><span class='ocrx_word' id='word_1_235' title='bbox 240 2951 279 2988; x_wconf 91' lang='lat'><strong>4.</strong></span> <span class='ocrx_word' id='word_1_236' title='bbox 309 2946 408 2979; x_wconf 87' lang='lat' dir='ltr'><strong>tum</strong></span> <span class='ocrx_word' id='word_1_237' title='bbox 438 2942 587 2991; x_wconf 89' lang='lat' dir='ltr'><strong>quod:</strong></span> <span class='ocrx_word' id='word_1_238' title='bbox 620 2941 683 2980; x_wconf 90' lang='lat' dir='ltr'><strong>for</strong></span> <span class='ocrx_word' id='word_1_239' title='bbox 711 2941 869 2980; x_wconf 84' lang='lat' dir='ltr'><strong>accedit</strong></span> <span class='ocrx_word' id='word_1_240' title='bbox 894 2941 1011 2993; x_wconf 87' lang='lat' dir='ltr'><strong>quod,</strong></span> 
     </span>
     <span class='ocr_line' id='line_1_44' title="bbox 188 2993 1012 3046; baseline 0.005 -16"><span class='ocrx_word' id='word_1_241' title='bbox 188 3005 234 3031; x_wconf 89' lang='lat' dir='ltr'><strong>or</strong></span> <span class='ocrx_word' id='word_1_242' title='bbox 253 2993 324 3032; x_wconf 89' lang='lat' dir='ltr'><strong>the</strong></span> <span class='ocrx_word' id='word_1_243' title='bbox 344 2994 446 3042; x_wconf 87' lang='lat' dir='ltr'><strong>like;</strong></span> <span class='ocrx_word' id='word_1_244' title='bbox 474 2995 526 3034; x_wconf 90' lang='lat' dir='ltr'><strong>he</strong></span> <span class='ocrx_word' id='word_1_245' title='bbox 546 3008 647 3046; x_wconf 89' lang='lat' dir='ltr'><strong>goes</strong></span> <span class='ocrx_word' id='word_1_246' title='bbox 665 2996 773 3034; x_wconf 89' lang='lat' dir='ltr'><strong>back</strong></span> <span class='ocrx_word' id='word_1_247' title='bbox 788 3001 831 3034; x_wconf 94' lang='lat' dir='ltr'><strong>to</strong></span> <span class='ocrx_word' id='word_1_248' title='bbox 849 3007 913 3046; x_wconf 87' lang='lat'><strong>32,</strong></span> <span class='ocrx_word' id='word_1_249' title='bbox 929 2997 1012 3034; x_wconf 90' lang='lat' dir='ltr'><strong>and</strong></span> 
     </span>
     <span class='ocr_line' id='line_1_45' title="bbox 187 3047 1013 3100; baseline 0.005 -15"><span class='ocrx_word' id='word_1_250' title='bbox 187 3047 302 3097; x_wconf 87' lang='lat' dir='ltr'><strong>gives</strong></span> <span class='ocrx_word' id='word_1_251' title='bbox 347 3049 523 3088; x_wconf 90' lang='lat' dir='ltr'><strong>another</strong></span> <span class='ocrx_word' id='word_1_252' title='bbox 559 3062 708 3088; x_wconf 85' lang='lat' dir='ltr'><strong>reason</strong></span> <span class='ocrx_word' id='word_1_253' title='bbox 744 3050 838 3100; x_wconf 89' lang='lat' dir='ltr'><strong>why</strong></span> <span class='ocrx_word' id='word_1_254' title='bbox 875 3062 1013 3089; x_wconf 85' lang='lat' dir='ltr'><strong>nemo</strong></span> 
     </span>
     <span class='ocr_line' id='line_1_46' title="bbox 188 3103 587 3151; baseline 0.005 -11"><span class='ocrx_word' id='word_1_255' title='bbox 188 3103 490 3151; x_wconf 85' lang='lat' dir='ltr'><strong>contenderit,</strong></span> <span class='ocrx_word' id='word_1_256' title='bbox 509 3109 587 3143; x_wconf 88' lang='lat' dir='ltr'><strong>etc.</strong></span> 
     </span>
    </p>
   </div>
   <div class='ocr_carea' id='block_1_24' title="bbox 1096 2177 1925 3155">
    <p class='ocr_par' dir='ltr' id='par_1_29' title="bbox 1153 2177 1766 2228">
     <span class='ocr_line' id='line_1_47' title="bbox 1153 2177 1766 2228; baseline -0.002 -12"><span class='ocrx_word' id='word_1_257' title='bbox 1153 2179 1478 2216; x_wconf 87' lang='lat' dir='ltr'><strong>Romanasne:</strong></span> <span class='ocrx_word' id='word_1_258' title='bbox 1511 2190 1580 2215; x_wconf 91' lang='lat' dir='ltr'><strong>see</strong></span> <span class='ocrx_word' id='word_1_259' title='bbox 1600 2178 1709 2228; x_wconf 91' lang='lat' dir='ltr'><strong>App.</strong></span> <span class='ocrx_word' id='word_1_260' title='bbox 1732 2177 1766 2215; x_wconf 95' lang='lat' dir='ltr'><strong>I.</strong></span> 
     </span>
    </p>

    <p class='ocr_par' dir='ltr' id='par_1_30' title="bbox 1154 2232 1508 2284">
     <span class='ocr_line' id='line_1_48' title="bbox 1154 2232 1508 2284; baseline -0.003 -12"><span class='ocrx_word' id='word_1_261' title='bbox 1154 2242 1190 2284; x_wconf 84' lang='lat'><strong>5.</strong></span> <span class='ocrx_word' id='word_1_262' title='bbox 1221 2239 1285 2278; x_wconf 89' lang='lat' dir='ltr'><strong>ut,</strong></span> <span class='ocrx_word' id='word_1_263' title='bbox 1307 2232 1508 2283; x_wconf 76' lang='lat' dir='ltr'><strong>alllzouglz.</strong></span> 
     </span>
    </p>

    <p class='ocr_par' dir='ltr' id='par_1_31' title="bbox 1097 2286 1924 2446">
     <span class='ocr_line' id='line_1_49' title="bbox 1153 2286 1924 2333; baseline -0.001 -8"><span class='ocrx_word' id='word_1_264' title='bbox 1153 2287 1191 2326; x_wconf 87' lang='lat'><strong>6.</strong></span> <span class='ocrx_word' id='word_1_265' title='bbox 1221 2293 1272 2325; x_wconf 90' lang='lat' dir='ltr'><strong>ut</strong></span> <span class='ocrx_word' id='word_1_266' title='bbox 1301 2287 1455 2333; x_wconf 88' lang='lat' dir='ltr'><strong>nimis,</strong></span> <span class='ocrx_word' id='word_1_267' title='bbox 1482 2292 1582 2325; x_wconf 85' lang='lat' dir='ltr'><strong>ete.:</strong></span> <span class='ocrx_word' id='word_1_268' title='bbox 1617 2286 1681 2325; x_wconf 83' lang='lat' dir='ltr'><strong>i.e.</strong></span> <span class='ocrx_word' id='word_1_269' title='bbox 1708 2286 1779 2325; x_wconf 88' lang='lat' dir='ltr'><strong>the</strong></span> <span class='ocrx_word' id='word_1_270' title='bbox 1808 2299 1924 2324; x_wconf 91' lang='lat' dir='ltr'><strong>near-</strong></span> 
     </span>
     <span class='ocr_line' id='line_1_50' title="bbox 1098 2341 1924 2380; baseline -0.002 0"><span class='ocrx_word' id='word_1_271' title='bbox 1098 2355 1192 2380; x_wconf 90' lang='lat' dir='ltr'><strong>ness</strong></span> <span class='ocrx_word' id='word_1_272' title='bbox 1238 2341 1286 2380; x_wconf 91' lang='lat' dir='ltr'><strong>of</strong></span> <span class='ocrx_word' id='word_1_273' title='bbox 1329 2341 1400 2380; x_wconf 91' lang='lat' dir='ltr'><strong>the</strong></span> <span class='ocrx_word' id='word_1_274' title='bbox 1447 2341 1691 2379; x_wconf 88' lang='lat' dir='ltr'><strong>illustration</strong></span> <span class='ocrx_word' id='word_1_275' title='bbox 1739 2341 1782 2378; x_wconf 92' lang='lat' dir='ltr'><strong>in</strong></span> <span class='ocrx_word' id='word_1_276' title='bbox 1826 2341 1924 2378; x_wconf 91' lang='lat' dir='ltr'><strong>time</strong></span> 
     </span>
     <span class='ocr_line' id='line_1_51' title="bbox 1097 2395 1873 2446; baseline -0.001 -12"><span class='ocrx_word' id='word_1_277' title='bbox 1097 2397 1241 2434; x_wconf 87' lang='lat' dir='ltr'><strong>makes</strong></span> <span class='ocrx_word' id='word_1_278' title='bbox 1261 2397 1331 2434; x_wconf 89' lang='lat' dir='ltr'><strong>the</strong></span> <span class='ocrx_word' id='word_1_279' title='bbox 1353 2396 1613 2446; x_wconf 91' lang='lat' dir='ltr'><strong>comparison</strong></span> <span class='ocrx_word' id='word_1_280' title='bbox 1634 2395 1873 2433; x_wconf 87' lang='lat' dir='ltr'><strong>distasteful.</strong></span> 
     </span>
    </p>

    <p class='ocr_par' dir='ltr' id='par_1_32' title="bbox 1097 2449 1925 2610">
     <span class='ocr_line' id='line_1_52' title="bbox 1152 2449 1925 2501; baseline -0.008 -9"><span class='ocrx_word' id='word_1_281' title='bbox 1152 2449 1234 2492; x_wconf 83' lang='lat'><strong>34.</strong></span> <span class='ocrx_word' id='word_1_282' title='bbox 1275 2451 1444 2489; x_wconf 87' lang='lat' dir='ltr'><strong>Asinio</strong></span> <span class='ocrx_word' id='word_1_283' title='bbox 1479 2450 1709 2501; x_wconf 88' lang='lat' dir='ltr'><strong>Agrippa:</strong></span> <span class='ocrx_word' id='word_1_284' title='bbox 1757 2450 1810 2487; x_wconf 93' lang='lat' dir='ltr'><strong>he</strong></span> <span class='ocrx_word' id='word_1_285' title='bbox 1841 2461 1925 2487; x_wconf 88' lang='lat' dir='ltr'><strong>was</strong></span> 
     </span>
     <span class='ocr_line' id='line_1_53' title="bbox 1097 2503 1923 2554; baseline -0.004 -10"><span class='ocrx_word' id='word_1_286' title='bbox 1097 2518 1173 2544; x_wconf 92' lang='lat' dir='ltr'><strong>son</strong></span> <span class='ocrx_word' id='word_1_287' title='bbox 1203 2505 1250 2543; x_wconf 85' lang='lat' dir='ltr'><strong>of</strong></span> <span class='ocrx_word' id='word_1_288' title='bbox 1273 2505 1442 2543; x_wconf 89' lang='lat' dir='ltr'><strong>Asinius</strong></span> <span class='ocrx_word' id='word_1_289' title='bbox 1466 2504 1619 2550; x_wconf 90' lang='lat' dir='ltr'><strong>Gallus,</strong></span> <span class='ocrx_word' id='word_1_290' title='bbox 1640 2504 1692 2554; x_wconf 92' lang='lat' dir='ltr'><strong>by</strong></span> <span class='ocrx_word' id='word_1_291' title='bbox 1711 2503 1923 2554; x_wconf 88' lang='lat' dir='ltr'><strong>Vipsania,</strong></span> 
     </span>
     <span class='ocr_line' id='line_1_54' title="bbox 1098 2559 1583 2610; baseline -0.002 -11"><span class='ocrx_word' id='word_1_292' title='bbox 1098 2560 1300 2610; x_wconf 88' lang='lat' dir='ltr'><strong>daughter</strong></span> <span class='ocrx_word' id='word_1_293' title='bbox 1321 2559 1368 2597; x_wconf 86' lang='lat' dir='ltr'><strong>of</strong></span> <span class='ocrx_word' id='word_1_294' title='bbox 1385 2559 1583 2610; x_wconf 86' lang='lat' dir='ltr'><strong>Agrippa.</strong></span> 
     </span>
    </p>

    <p class='ocr_par' dir='ltr' id='par_1_33' title="bbox 1096 2612 1925 2882">
     <span class='ocr_line' id='line_1_55' title="bbox 1152 2612 1925 2654; baseline -0.004 -1"><span class='ocrx_word' id='word_1_295' title='bbox 1152 2615 1419 2654; x_wconf 89' lang='lat' dir='ltr'><strong>Cremutius</strong></span> <span class='ocrx_word' id='word_1_296' title='bbox 1444 2614 1647 2653; x_wconf 89' lang='lat' dir='ltr'><strong>Cordus:</strong></span> <span class='ocrx_word' id='word_1_297' title='bbox 1680 2612 1734 2651; x_wconf 92' lang='lat' dir='ltr'><strong>he</strong></span> <span class='ocrx_word' id='word_1_298' title='bbox 1753 2618 1880 2650; x_wconf 89' lang='lat' dir='ltr'><strong>wrote</strong></span> <span class='ocrx_word' id='word_1_299' title='bbox 1900 2625 1925 2650; x_wconf 90' lang='lat' dir='ltr'><strong>a</strong></span> 
     </span>
     <span class='ocr_line' id='line_1_56' title="bbox 1097 2668 1923 2718; baseline -0.002 -12"><span class='ocrx_word' id='word_1_300' title='bbox 1097 2669 1252 2718; x_wconf 91' lang='lat' dir='ltr'><strong>history</strong></span> <span class='ocrx_word' id='word_1_301' title='bbox 1281 2668 1328 2706; x_wconf 93' lang='lat' dir='ltr'><strong>of</strong></span> <span class='ocrx_word' id='word_1_302' title='bbox 1352 2669 1423 2706; x_wconf 91' lang='lat' dir='ltr'><strong>the</strong></span> <span class='ocrx_word' id='word_1_303' title='bbox 1453 2668 1556 2706; x_wconf 89' lang='lat' dir='ltr'><strong>Civil</strong></span> <span class='ocrx_word' id='word_1_304' title='bbox 1584 2668 1702 2705; x_wconf 88' lang='lat' dir='ltr'><strong>Wars</strong></span> <span class='ocrx_word' id='word_1_305' title='bbox 1731 2668 1814 2705; x_wconf 91' lang='lat' dir='ltr'><strong>and</strong></span> <span class='ocrx_word' id='word_1_306' title='bbox 1843 2679 1923 2704; x_wconf 91' lang='lat' dir='ltr'><strong>one</strong></span> 
     </span>
     <span class='ocr_line' id='line_1_57' title="bbox 1098 2721 1923 2773; baseline -0.004 -12"><span class='ocrx_word' id='word_1_307' title='bbox 1098 2723 1145 2761; x_wconf 93' lang='lat' dir='ltr'><strong>of</strong></span> <span class='ocrx_word' id='word_1_308' title='bbox 1159 2723 1230 2761; x_wconf 91' lang='lat' dir='ltr'><strong>the</strong></span> <span class='ocrx_word' id='word_1_309' title='bbox 1250 2723 1366 2773; x_wconf 89' lang='lat' dir='ltr'><strong>reign</strong></span> <span class='ocrx_word' id='word_1_310' title='bbox 1383 2722 1430 2760; x_wconf 87' lang='lat' dir='ltr'><strong>of</strong></span> <span class='ocrx_word' id='word_1_311' title='bbox 1444 2723 1665 2772; x_wconf 88' lang='lat' dir='ltr'><strong>Augustus.</strong></span> <span class='ocrx_word' id='word_1_312' title='bbox 1703 2722 1793 2759; x_wconf 90' lang='lat' dir='ltr'><strong>The</strong></span> <span class='ocrx_word' id='word_1_313' title='bbox 1809 2721 1923 2758; x_wconf 91' lang='lat' dir='ltr'><strong>work</strong></span> 
     </span>
     <span class='ocr_line' id='line_1_58' title="bbox 1098 2775 1923 2828; baseline -0.002 -13"><span class='ocrx_word' id='word_1_314' title='bbox 1098 2778 1141 2815; x_wconf 93' lang='lat' dir='ltr'><strong>in</strong></span> <span class='ocrx_word' id='word_1_315' title='bbox 1155 2777 1344 2828; x_wconf 86' lang='lat' dir='ltr'><strong>question</strong></span> <span class='ocrx_word' id='word_1_316' title='bbox 1357 2777 1440 2815; x_wconf 88' lang='lat' dir='ltr'><strong>had</strong></span> <span class='ocrx_word' id='word_1_317' title='bbox 1453 2776 1561 2814; x_wconf 90' lang='lat' dir='ltr'><strong>been</strong></span> <span class='ocrx_word' id='word_1_318' title='bbox 1574 2775 1794 2827; x_wconf 92' lang='lat' dir='ltr'><strong>published</strong></span> <span class='ocrx_word' id='word_1_319' title='bbox 1809 2787 1923 2814; x_wconf 88' lang='lat' dir='ltr'><strong>some</strong></span> 
     </span>
     <span class='ocr_line' id='line_1_59' title="bbox 1096 2831 1385 2882; baseline -0.003 -12"><span class='ocrx_word' id='word_1_320' title='bbox 1096 2845 1213 2882; x_wconf 89' lang='lat' dir='ltr'><strong>years</strong></span> <span class='ocrx_word' id='word_1_321' title='bbox 1232 2831 1385 2870; x_wconf 89' lang='lat' dir='ltr'><strong>before.</strong></span> 
     </span>
    </p>

    <p class='ocr_par' dir='ltr' id='par_1_34' title="bbox 1096 2884 1924 3155">
     <span class='ocr_line' id='line_1_60' title="bbox 1151 2884 1923 2934; baseline -0.004 -10"><span class='ocrx_word' id='word_1_322' title='bbox 1151 2898 1276 2925; x_wconf 89' lang='lat' dir='ltr'><strong>novo</strong></span> <span class='ocrx_word' id='word_1_323' title='bbox 1298 2916 1307 2925; x_wconf 96' lang='lat'><strong>.</strong></span> <span class='ocrx_word' id='word_1_324' title='bbox 1331 2916 1339 2924; x_wconf 92' lang='lat'><strong>.</strong></span> <span class='ocrx_word' id='word_1_325' title='bbox 1363 2914 1370 2922; x_wconf 95' lang='lat'><strong>.</strong></span> <span class='ocrx_word' id='word_1_326' title='bbox 1393 2885 1608 2924; x_wconf 88' lang='lat' dir='ltr'><strong>crimine:</strong></span> <span class='ocrx_word' id='word_1_327' title='bbox 1642 2884 1693 2923; x_wconf 88' lang='lat' dir='ltr'><strong>cf.</strong></span> <span class='ocrx_word' id='word_1_328' title='bbox 1714 2884 1923 2934; x_wconf 78' lang='lat' dir='ltr'><strong>Agricola,</strong></span> 
     </span>
     <span class='ocr_line' id='line_1_61' title="bbox 1099 2939 1924 2991; baseline -0.005 -12"><span class='ocrx_word' id='word_1_329' title='bbox 1099 2952 1146 2979; x_wconf 88' lang='lat'><strong>2:</strong></span> <span class='ocrx_word' id='word_1_330' title='bbox 1192 2941 1366 2991; x_wconf 77' lang='lat' dir='ltr'><strong>legimus</strong></span> <span class='ocrx_word' id='word_1_331' title='bbox 1398 2953 1491 2977; x_wconf 79' lang='lat' dir='ltr'><strong>cum</strong></span> <span class='ocrx_word' id='word_1_332' title='bbox 1528 2939 1718 2977; x_wconf 84' lang='lat' dir='ltr'><strong>Aruleno</strong></span> <span class='ocrx_word' id='word_1_333' title='bbox 1755 2939 1924 2976; x_wconf 81' lang='lat' dir='ltr'><strong>Rustico</strong></span> 
     </span>
     <span class='ocr_line' id='line_1_62' title="bbox 1096 2993 1922 3040; baseline -0.005 -6"><span class='ocrx_word' id='word_1_334' title='bbox 1096 2997 1250 3034; x_wconf 83' lang='lat' dir='ltr'><strong>Paetus</strong></span> <span class='ocrx_word' id='word_1_335' title='bbox 1296 2995 1494 3040; x_wconf 70' lang='lat' dir='ltr'><strong>Thrasea,</strong></span> <span class='ocrx_word' id='word_1_336' title='bbox 1533 2993 1753 3031; x_wconf 83' lang='lat' dir='ltr'><strong>Herennio</strong></span> <span class='ocrx_word' id='word_1_337' title='bbox 1802 2994 1922 3031; x_wconf 86' lang='lat' dir='ltr'><strong>Sene-</strong></span> 
     </span>
     <span class='ocr_line' id='line_1_63' title="bbox 1098 3047 1922 3088; baseline -0.004 0"><span class='ocrx_word' id='word_1_338' title='bbox 1098 3051 1211 3088; x_wconf 79' lang='lat' dir='ltr'><strong>cioni</strong></span> <span class='ocrx_word' id='word_1_339' title='bbox 1229 3050 1402 3088; x_wconf 82' lang='lat' dir='ltr'><strong>Priscus</strong></span> <span class='ocrx_word' id='word_1_340' title='bbox 1420 3048 1647 3086; x_wconf 80' lang='lat' dir='ltr'><strong>Helvidius</strong></span> <span class='ocrx_word' id='word_1_341' title='bbox 1672 3047 1839 3085; x_wconf 82' lang='lat' dir='ltr'><strong>laudati</strong></span> <span class='ocrx_word' id='word_1_342' title='bbox 1867 3060 1922 3085; x_wconf 90' lang='lat' dir='ltr'><strong>es-</strong></span> 
     </span>
     <span class='ocr_line' id='line_1_64' title="bbox 1097 3103 1561 3155; baseline -0.004 -13"><span class='ocrx_word' id='word_1_343' title='bbox 1097 3109 1196 3151; x_wconf 88' lang='lat' dir='ltr'><strong>sent,</strong></span> <span class='ocrx_word' id='word_1_344' title='bbox 1217 3104 1394 3154; x_wconf 81' lang='lat' dir='ltr'><strong>capitale</strong></span> <span class='ocrx_word' id='word_1_345' title='bbox 1410 3103 1561 3155; x_wconf 83' lang='lat' dir='ltr'><strong>fuisse.</strong></span> 
     </span>
    </p>
   </div>
   <div class='ocr_carea' id='block_1_25' title="bbox 1927 200 2008 243">
    <p class='ocr_par' dir='ltr' id='par_1_35' title="bbox 1927 200 2008 243">
     <span class='ocr_line' id='line_1_65' title="bbox 1927 200 2008 243; baseline -0.012 0"><span class='ocrx_word' id='word_1_346' title='bbox 1927 200 2008 243; x_wconf 83' lang='lat'><strong>297</strong></span> 
     </span>
    </p>
   </div>
  </div>
 </body>
</html>
